2519 3775
645 488 721 561 96
1070 485 1238 546 L'ART
1279 482 1682 549 D’Eumumssn

643 617 892 682 tionem,
925 635 1234 698 quousque
1258 615 1433 676 fuerit
1464 614 1904 692 mollificatum3
1936 627 1995 677 et
2024 615 2106 675 sic

643 734 780 775 cum
809 733 882 775 eo
909 733 1048 795 sepe
1089 712 1529 776 madefaciendo
1577 713 1803 792 dictum
1853 712 2105 773 frustum

645 811 818 888 colle,
852 811 1018 871 linia¹
1064 810 1267 873 locum
1311 809 1414 871 ubi
1467 830 1676 871 aurum
1718 808 1892 871 debet
1934 811 2102 890 poni,

644 909 780 991 quia
799 922 952 970 carta
976 908 1263 970 efficietur
1291 907 1543 969 habilior
1588 908 1659 969 ad
1700 908 2105 989 recipiendum

643 1007 917 1085 assisam3
958 1021 1016 1068 et
1045 1007 1223 1089 aliqui
1249 1005 1366 1067 hoc
1405 1006 1587 1067 modo
1614 1025 1751 1067 cum
1773 1005 1925 1067 dicta
1953 1004 2103 1066 colla

644 1103 859 1165 liniunt
916 1117 1115 1165 totum
1166 1104 1712 1185 designamentum‚
1775 1117 1841 1164 ut
1891 1122 2102 1164 omnes

644 1202 874 1262 colores
889 1203 1069 1263 etiam
1094 1202 1306 1263 melius
1335 1203 1789 1283 incorporentur
1812 1224 1829 1277 ;
1861 1200 1964 1261 sed
1988 1200 2105 1262 hoc

644 1300 992 1361 omnimode
1026 1314 1180 1361 esset
1217 1300 1612 1360 necessarium
1633 1298 1868 1379 quando
1898 1317 2105 1379 perga-

646 1416 887 1456 menum
918 1397 1027 1457 erit
1050 1396 1309 1478 pilosum
1333 1395 1428 1456 vel
1456 1395 1620 1456 rude.
1648 1397 1721 1456 Et
1745 1396 1919 1456 etiam
1941 1395 2105 1456 simi-

642 1493 774 1554 liter
801 1507 998 1574 potest
1021 1492 1275 1554 balneari
1302 1494 1423 1554 sive
1443 1492 1597 1553 liniri
1623 1506 1777 1553 carta
1803 1491 1905 1552 ubi
1930 1490 2105 1554 debet

644 1592 788 1672 poni
807 1611 1015 1652 aurum
1039 1605 1098 1652 et
1127 1591 1358 1652 colores
1378 1610 1517 1651 cum
1545 1610 1693 1672 aqua
1713 1590 1865 1651 colle
1881 1588 2107 1650 dulcifi-

645 1701 770 1749 cata
795 1708 932 1750 cum
955 1689 1191 1750 modico
1209 1688 1282 1749 de
1305 1688 1482 1764 mele,
1508 1701 1567 1748 et
1591 1687 1748 1748 liniri
1774 1707 1909 1749 cum
1941 1686 2109 1748 bom·

647 1805 810 1846 mace
830 1786 852 1820 ²
871 1800 1009 1868 apto
1031 1786 1237 1859 mod0,
1254 1787 1405 1847 sicut
1421 1785 1612 1862 decet,
1636 1785 1731 1846 vel
1747 1785 2025 1866 pinzello,
2050 1799 2109 1846 et

645 1883 761 1945 hoc
790 1899 879 1946 est
896 1884 1124 1947 melius.
1149 1884 1378 1946 Deinde
1407 1884 1602 1967 recipe
1627 1883 1844 1945 dictam
1867 1883 2108 1944 assisam

644 1978 818 2056 bene,
850 1995 916 2042 ut
970 1981 1194 2043 dictum
1223 1995 1335 2058 est,
1368 1994 1751 2062 temperatam
1768 1988 1814 2057 ⁸,
1857 1994 1916 2041 et
1971 1999 2109 2041 cum

643 2078 896 2159 pinzello
943 2079 1015 2139 ad
1071 2078 1187 2140 hoc
1233 2093 1372 2161 apto
1430 2078 1653 2160 liquido
1711 2078 1894 2139 modo
1950 2097 2107 2159 pone

643 2177 860 2256 prim0‚
919 2189 999 2253 et,
1046 2178 1210 2258 quasi
1269 2176 1577 2248 desiccata,
1623 2195 1780 2257 pone
1822 2175 1933 2235 alia
1981 2176 2110 2235 vice

641 2293 816 2354 super
841 2274 1028 2355 ipsam
1056 2275 1319 2350 assisam,
1343 2286 1401 2333 et
1432 2272 1549 2333 hoc
1576 2270 1664 2333 fac
1684 2273 1705 2307 ⁴
1743 2271 1831 2332 bis
1859 2271 1954 2333 vel
1996 2285 2107 2348 ter,

642 2370 833 2431 donec
859 2371 1125 2433 videatur
1153 2371 1315 2453 quod
1343 2370 1493 2432 bene
1532 2384 1646 2432 stet
1674 2385 1733 2431 et
1779 2370 1944 2452 quod
1987 2389 2111 2431 non

704 2539 719 2568 ¹
750 2540 878 2586 Pour
906 2539 1010 2597 lini,
1040 2541 1229 2588 suivant
1254 2540 1352 2589 Sal.
1373 2539 1494 2588 Mais
1519 2539 1563 2588 le
1585 2539 1723 2587 verbe
1746 2539 1907 2587 liniare
1926 2539 2111 2587 existait

642 2613 766 2657 aussi
793 2626 854 2657 au
885 2625 1058 2672 moyen
1086 2611 1190 2673 age.

702 2699 721 2723 ²
750 2701 876 2746 Pour
896 2699 1088 2746 bombace
1115 2700 1318 2762 (coton).
1348 2700 1597 2758 Bammace,
1628 2699 1723 2746 Sal.

704 2788 722 2812 ³
759 2788 1031 2849 Temperata‚
1057 2789 1150 2836 Sal.

706 2874 724 2900 ⁴
752 2876 901 2934 Facto,
927 2891 1021 2924 ms.
