2519 3775
579 506 692 564 106
1000 505 1168 565 L’Alu·
1209 503 1614 564 n’ssnwumssn

573 636 695 696 sive
723 655 872 717 aqua
890 653 1030 696 cum
1050 635 1235 717 digito
1263 633 1497 695 misceri
1520 657 1539 711 ;
1571 635 1662 694 sin
1689 647 1888 696 autem
1917 655 2039 696 non

571 734 646 793 sit
693 731 845 794 bene
887 732 1125 808 subtile,
1170 745 1318 793 tunc
1354 731 1704 792 molendum
1745 746 1835 793 est
1864 752 2039 813 super

570 828 850 910 lapidem,
885 829 987 910 qui
1017 846 1141 888 non
1167 827 1425 888 fodiatur
1451 847 1588 888 cum
1610 827 1873 906 molitur,
1906 829 2041 910 quia

572 925 1086 1006 deguastarentur¹
1112 925 1378 985 azurium
1406 937 1465 985 et
1495 923 1592 985 alii
1626 924 1856 986 colores
1884 926 2038 1002 duri,

570 1022 844 1083 videlicet
866 1021 1237 1103 giallolinum
1255 1022 1305 1099 ²,
1332 1020 1468 1103 quia
1487 1021 1560 1083 de
1589 1021 1715 1082 aliis
1744 1022 2042 1083 coloribus
2074 1072 2086 1086 .

573 1118 943 1181 mollioribus
987 1137 1109 1179 non
1148 1132 1305 1179 esset
1347 1131 1507 1179 tanta
1535 1119 1630 1178 vix
1652 1118 1696 1178 ³.
1740 1119 1941 1181 Redeo
1971 1120 2042 1181 ad
2095 1135 2103 1143 ’

573 1217 834 1277 azurium
860 1216 1317 1277 ultramarinum
1343 1235 1621 1296 grossum
1648 1229 1707 1277 et
1736 1236 1859 1276 non
1891 1216 2041 1278 bene

571 1312 791 1389 lotum,
823 1313 984 1396 quod
1013 1314 1124 1376 teri
1154 1312 1332 1374 debet
1362 1332 1503 1373 cum
1532 1326 1734 1395 quarta
1762 1328 1925 1395 parte
1949 1314 2043 1375 vel

575 1412 772 1472 minus
817 1409 952 1471 salis
997 1410 1346 1488 armoniaci,
1397 1423 1456 1471 et
1501 1423 1711 1491 postea
1739 1430 1877 1472 cum
1901 1431 2049 1494 aqua

574 1508 880 1570 communi
933 1507 1029 1569 vel
1076 1508 1279 1569 lixivio
1332 1527 1455 1569 non
1511 1508 1688 1569 nimis
1733 1507 1911 1585 forti3
1961 1523 2042 1586 et,

574 1606 786 1668 molito
825 1604 896 1668 ad
935 1605 1221 1687 placitum
1264 1605 1679 1688 grossitudinis
1726 1619 1785 1669 et
1821 1606 2046 1669 subtili·

571 1704 728 1781 tatiS,
760 1703 939 1765 micte
970 1703 1030 1764 in
1059 1721 1196 1764 vase
1224 1716 1420 1764 terreo
1452 1704 1701 1765 vitreato
1731 1717 1791 1765 et
1818 1704 2044 1785 amplo,

573 1800 903 1862 secundum
959 1800 1349 1883 quantitatem
1416 1802 1627 1878 azurii,
1686 1814 1745 1862 et
1795 1801 2047 1883 desuper

573 1919 732 1980 pone
761 1898 834 1959 de
864 1917 1012 1981 aqua
1050 1899 1361 1960 communi
1401 1898 1575 1977 clara,
1616 1900 1697 1960 ita
1732 1913 1798 1961 ut
1835 1920 2046 1983 super-

575 2007 758 2073 natet,
813 2009 873 2056 et
918 1995 1100 2055 misce
1144 2014 1286 2056 cum
1331 1991 1510 2057 manu
1549 1995 1643 2057 vel
1690 1994 1938 2075 bacu10,
1988 2011 2047 2059 et

571 2093 857 2174 permicte
905 2092 1185 2170 residere,
1218 2106 1278 2154 et
1328 2093 1454 2154 eice
1499 2112 1712 2176 aquam
1750 2107 1942 2173 caute,
1985 2110 2045 2157 et

579 2211 738 2274 pone
785 2190 959 2251 aliam
992 2210 1204 2272 aquam
1239 2202 1567 2268 recentem,
1619 2205 1678 2253 et
1725 2193 1931 2270 misce,
1963 2206 2044 2271 et,

580 2300 840 2368 pausata,
873 2288 1091 2348 iterum
1122 2288 1271 2365 eice,
1292 2302 1351 2349 et
1378 2287 1496 2350 hoc
1515 2288 1618 2349 fiat
1640 2289 1662 2324 ⁴
1691 2289 1883 2350 donec
1901 2310 2050 2373 aqua

584 2396 750 2446 exeat
791 2383 942 2445 clara
984 2398 1044 2445 et
1083 2384 1348 2448 azurium
1388 2398 1687 2448 remaneat
1728 2406 1945 2468 purum
1991 2399 2051 2449 et

646 2544 661 2571 ¹
690 2545 1057 2607 Deguastaretur,
1085 2545 1181 2595 Sal.

647 2633 666 2659 ²
696 2635 1018 2694 Giallulinum,
1047 2636 1141 2685 Sal.
1162 2636 1238 2684 Cf.
1271 2636 1314 2685 le
1341 2642 1396 2684 n⁰
1427 2651 1471 2685 1.

649 2729 670 2755 ⁸
694 2723 820 2769 Pour
845 2725 929 2783 vis,
957 2724 1029 2772 dit
1047 2724 1277 2786 l’editeur,
1301 2725 1400 2790 qui,
1422 2739 1606 2774 comme
1630 2725 1737 2789 plus
1757 2725 1891 2788 haut,
1917 2727 2051 2773 n’en-

587 2793 698 2839 tend
719 2808 798 2856 pas
821 2793 865 2840 le
890 2806 991 2842 mot
1016 2797 1110 2844 vix.

653 2880 671 2906 ⁴
698 2882 802 2939 Fac,
836 2882 931 2931 Sal.
