2519 3775
598 1039 914 1106 TABLE
996 1040 1174 1107 DES
1250 1026 1754 1107 MATIERES

1030 1258 1300 1267 ————-

834 1447 1023 1499 L'ART
1057 1447 1512 1496 D’ENLUMINER
1877 1462 1898 1494 1

435 1573 473 1619 l.
556 1573 885 1635 Composition
907 1572 988 1619 des
1010 1572 1225 1619 couleurs
1230 1606 1737 1621 ................
1846 1586 1897 1630 13

434 1643 496 1689 11.
556 1644 826 1691 Broiement
851 1654 897 1689 et
927 1643 1227 1705 delayement
1249 1643 1330 1689 des
1355 1643 1570 1688 couleurs
1577 1677 1737 1690 ......
1842 1640 1901 1702 29

435 1713 519 1759 111.
557 1713 859 1776 Application
891 1714 972 1760 des
995 1714 1211 1759 couleurs
1222 1747 1729 1760 .................
1835 1727 1892 1770 4ι

434 1784 519 1830 IV.
557 1784 872 1832 Instruments
896 1785 953 1831 de
977 1784 1311 1832 l'enlumineur
1322 1818 1738 1836 .............
1847 1795 1898 1843 55

677 1981 769 2028 DE
799 1981 973 2029 ARTE
1003 1981 1453 2029 ILLUMJNANDJ
1484 1980 1649 2040 (texte)

467 2122 507 2153 1.
547 2105 919 2169 [Introduction]
945 2140 1738 2157 .........................
1842 2103 1900 2164 67

465 2192 507 2224 2.
545 2177 617 2225 De
642 2178 950 2226 bittuminibus
974 2179 1033 2225 ad
1046 2179 1294 2242 ponendum
1323 2193 1486 2224 aurum
1499 2213 1727 2225 .......
1832 2189 1887 2238 7ι

465 2263 509 2311 3.
539 2248 607 2295 De
623 2252 747 2313 aquis
772 2266 871 2297 cum
905 2251 1062 2313 quibus
1084 2255 1383 2313 temperantur
1412 2249 1563 2295 colores
1591 2248 1649 2293 ad
1663 2256 1741 2310 po-

614 2324 804 2368 nendum
828 2324 876 2368 in
902 2327 1025 2370 carta
1036 2356 1732 2370 .......................
1837 2332 1892 2378 71

458 2408 506 2452 4.
545 2394 610 2440 De
660 2395 867 2440 coloribus
924 2394 1251 2456 arttficialibus,
1299 2393 1466 2439 comodo
1506 2392 1642 2451 fiunt,
1697 2394 1738 2435 et

607 2467 753 2527 primo
774 2466 825 2511 de
846 2467 975 2527 nigro
981 2495 1726 2516 .......................
1831 2474 1888 2520 72

462 2548 504 2595 5.
548 2536 617 2582 De
643 2537 741 2582 albo
751 2568 1728 2586 ................................
1833 2545 1887 2592 73

458 2606 504 2654 6.
541 2607 608 2653 De
631 2608 759 2653 rubeo
784 2608 917 2654 colore
939 2607 1171 2669 artificiali
1179 2638 1724 2654 .................
1830 2615 1889 2665 73

459 2692 504 2740 7.
540 2679 608 2725 De
625 2680 782 2740 glauco
787 2711 1728 2728 ..............................
1834 2686 1896 2733 74

459 2749 505 2797 8.
541 2750 609 2796 De
621 2758 840 2812 purpureo
857 2751 990 2797 colore
1001 2782 1729 2798 .......................
1834 2743 1894 2805 76

458 2836 504 2881 9.
540 2821 608 2867 De
630 2822 785 2882 glauco
810 2822 944 2868 colore
970 2821 1173 2868 naturali
1184 2852 1725 2868 ..................
1830 2830 1890 2878 79

431 2906 504 2938 10.
540 2892 608 2938 De
620 2894 787 2950 azurio,
809 2894 896 2939 ςίυε
908 2892 1050 2939 celesti
1061 2892 1210 2947 colore,
1225 2891 1429 2937 naturali
1442 2894 1483 2936 et
1498 2888 1732 2951 artificiali
1827 2901 1891 2949 79
