2519 3775
834 490 912 532 DE
952 488 1102 533 ARTE
1143 489 1533 533 inoluminum
1837 488 1915 547 97

444 603 518 664 sit
549 602 722 664 nimis
749 618 953 685 grossa
981 621 1173 684 neque
1223 602 1479 679 subtilis,
1512 601 1636 681 {sed
1676 621 1915 683 compe-

443 712 676 777 tenter;
709 720 823 781 qua
872 701 1084 762 ultimo
1114 699 1267 760 bene
1318 699 1627 777 desiccata,
1670 698 1917 759 dulciter

447 816 586 859 cum
614 795 776 858 bono
807 811 866 858 et
894 810 1032 877 apto
1069 796 1312 858 cultello
1342 796 1477 857 rade
1517 795 1913 877 superficiem,

444 906 503 954 et
530 894 751 955 munda
776 914 914 955 cum
943 894 1094 975 pede
1131 894 1377 975 leporis,
1439 893 1668 954 Deinde
1719 894 1914 974 recipe

441 991 656 1052 claram
686 1011 941 1053 ovorum
981 990 1227 1072 fractam
1267 1011 1405 1052 cum
1462 990 1718 1071 pinzello
1775 992 1915 1050 situ-

441 1088 599 1149 lare¹
630 1103 730 1151 aut
759 1108 944 1149 canna
975 1091 1154 1150 scissa
1213 1102 1273 1149 et
1331 1088 1599 1169 adaptata
1646 1088 1716 1148 ad
1745 1087 1911 1164 illud,

443 1187 594 1246 sicut
650 1187 907 1267 pictores
968 1186 1212 1262 faciunt,
1275 1199 1358 1261 et,
1425 1198 1742 1266 postquam
1794 1199 1917 1246 tota

442 1282 593 1343 clara
619 1283 766 1344 facta
786 1283 963 1344 suerit
997 1302 1229 1364 spuma,
1290 1302 1449 1364 pone
1488 1282 1740 1364 desuper
1790 1296 1914 1342 tan⁴

441 1392 571 1441 tum
595 1380 668 1441 de
698 1396 847 1462 aqua
874 1381 1182 1441 communi
1239 1380 1364 1440 sive
1394 1380 1567 1441 mista
1605 1399 1743 1440 cum
1771 1381 1912 1440 vino

442 1475 575 1537 albo
628 1478 883 1559 optimo,
915 1477 1011 1538 vel
1056 1477 1363 1538 modicum
1402 1477 1475 1538 de
1513 1476 1753 1550 -lixivi0‚
1814 1490 1914 1537 aut

442 1573 808 1655 simpliciter,
860 1574 1024 1656 quod
1072 1588 1390 1655 utrumque
1434 1586 1522 1634 est
1570 1572 1821 1650 bonum,
1855 1587 1914 1634 et

438 1670 682 1752 prohice
748 1685 883 1753 post
925 1671 1230 1733 modicum
1273 1672 1541 1752 spacium
1584 1671 1656 1732 de
1704 1691 1914 1753 spuma

443 1776 651 1849 quam2
680 1770 947 1850 superius
975 1769 1168 1846 faciet,
1202 1782 1262 1829 et
1298 1769 1382 1829 sic
1424 1788 1539 1851 que
1587 1768 1913 1830 remanebit

441 1866 550 1929 erit
574 1864 752 1928 bona.
786 1867 1004 1949 Recipe
1034 1886 1179 1949 ergo
1209 1866 1283 1927 de
1318 1867 1443 1948 ipsa
1488 1886 1625 1928 cum
1654 1866 1910 1949 pinzello

439 1975 577 2044 apto
606 1963 680 2024 ad
700 1963 840 2040 hoc,
874 1978 934 2026 et
962 1963 1170 2025 balnea
1198 1984 1376 2046 super
1410 1964 1628 2026 dictam
1670 1965 1911 2025 assisam

441 2063 733 2142 sapienter
773 2075 832 2122 et
878 2062 1152 2139 discrete,
1184 2063 1265 2124 ita
1318 2061 1481 2145 quod
1530 2062 1685 2123 dicta
1707 2111 1714 2116 .
1737 2064 1913 2122 assisa

441 2156 711 2219 habiliter
739 2158 981 2240 recipiat
1038 2179 1248 2221 aurum
1302 2159 1397 2219 vel
1454 2172 1788 2241 argentum,
1846 2172 1912 2219 ut

442 2257 697 2335 pictores
724 2255 946 2319 faciunt
975 2256 1036 2318 in
1065 2255 1279 2319 tabulis
1310 2256 1546 2340 quando
1567 2276 1777 2319 aurum
1804 2275 1912 2337 po-

504 2488 519 2514 ¹
548 2485 820 2547 Sanctarum,
850 2485 1028 2550 d'apres
1065 2485 1299 2549 l’editeur,
1341 2487 1423 2552 qui
1446 2488 1547 2535 voit
1573 2488 1689 2535 dans
1714 2499 1785 2535 cet
1811 2478 1911 2535 ins-

441 2569 652 2606 trument
678 2574 744 2605 un
776 2559 972 2621 pinceau
996 2557 1078 2606 fait
1103 2558 1161 2605 de
1180 2560 1303 2605 soies
1332 2558 1373 2620 (ὲ
1394 2558 1532 2621 setis).
1559 2558 1696 2615 Mais,
1725 2560 1913 2606 suivant

441 2630 520 2677 Du
548 2631 728 2693 Cange,
753 2644 816 2676 on
842 2628 1056 2693 appelait,
1087 2644 1146 2675 au
1175 2637 1349 2691 moyen
1381 2628 1482 2692 age,
1505 2630 1642 2676 situla
1666 2641 1727 2675 ou
1752 2631 1912 2676 situlus

438 2701 482 2747 le
507 2714 612 2747 vase
633 2710 890 2747 contenant
917 2699 1041 2747 l’ea'u
1059 2700 1217 2748 benite
1237 2707 1255 2756 ξ
1274 2701 1391 2748 ainsi
1411 2700 1458 2750 le
1472 2700 1710 2762 pincellum
1728 2701 1911 2748 situlare

437 2773 574 2818 serait
604 2771 760 2834 plutbt
787 2786 850 2816 un
876 2771 996 2833 petit
1023 2771 1294 2834 goupillon.
1339 2832 1346 2838 .

503 2856 523 2882 ²
551 2859 665 2918 ραι,
703 2858 798 2905 Sal.

1681 2956 1718 3013 9
