2519 3775
867 503 943 546 DE
983 504 1133 546 ARTE
1179 505 1571 548 ILLUMINANDI
1845 508 1950 567 123

482 631 708 680 caretur
734 632 792 678 et
827 617 1135 681 adhereret
1182 619 1390 700 digito,
1423 621 1660 702 signum
1678 634 1766 682 est
1795 621 1955 703 quod

483 716 738 777 multum
769 714 947 776 habet
976 716 1047 776 de
1097 716 1296 778 melle.
1332 720 1405 778 Et
1448 719 1508 777 in
1560 716 1679 778 hoc
1709 718 1956 800 quilibet

481 813 655 875 debet
713 833 840 874 esse
871 812 1158 874 sollicitus
1201 827 1261 875 et
1311 816 1592 895 prudens,
1640 829 1705 876 ut
1748 815 1847 877 det
1898 818 1955 876 ei

485 912 718 992 pondus
749 924 806 971 et
839 931 1199 988 mensuram,
1224 932 1347 972 non
1372 913 1570 974 solum
1600 914 1661 973 in
1683 913 1823 990 hoc,
1848 914 1951 975 sed

479 1010 538 1069 in
567 1008 844 1069 omnibus
865 1009 989 1070 aliis
1016 1012 1526 1091 temperamenti&
1549 1013 1681 1072 Deo
1710 1013 1944 1093 gratias,

481 1108 676 1167 Amen
695 1107 739 1169 ¹.

486 1321 576 1379 31.
633 1300 730 1362 Ad
776 1300 1088 1383 ponendum
1124 1320 1332 1362 aurum
1375 1322 1501 1362 cum
1545 1302 1818 1363 mordente
1852 1302 1950 1384 qui

794 1399 985 1482 accipit
1003 1419 1208 1460 aurum
1233 1410 1333 1483 per
1359 1400 1613 1483 seipsum.

555 1568 826 1650 [R]ecipe
856 1571 1262 1630 armeniacum
1291 1571 1611 1650 optimum,
1648 1584 1707 1631 et
1743 1569 1946 1652 frange

476 1668 537 1748 in
563 1666 768 1742 frusta,
790 1678 848 1726 et
878 1667 1053 1726 micte
1083 1667 1145 1726 in
1175 1686 1311 1725 vase
1343 1667 1479 1726 vitri
1502 1665 1598 1729 vel
1628 1668 1879 1727 vitreato
1899 1667 1947 1739 ²,

476 1777 534 1824 et
589 1784 748 1844 pone
815 1763 887 1824 de
935 1784 1084 1846 aqua
1126 1765 1434 1824 communi
1490 1777 1723 1825 tantum
1781 1764 1943 1846 quod

473 1862 733 1944 coperiat
753 1861 902 1924 bene
923 1863 1119 1944 ipsum
1153 1876 1210 1924 et
1232 1862 1392 1944 quod
1418 1862 1567 1924 bene
1604 1863 1769 1944 poxit
1799 1862 1950 1924 mol-

471 1961 696 2038 lificari,
721 1974 779 2022 et
806 1947 1091 2042 permicte
1129 1974 1279 2021 stare
1324 1982 1632 2044 quousque
1677 1962 1752 2022 sit
1796 1960 1947 2022 bene

473 2058 883 2120 mollificatum
921 2083 939 2136 ;
1012 2058 1224 2119 deinde
1301 2059 1430 2119 cola
1506 2079 1612 2140 per
1682 2080 1948 2140 pannum

473 2157 699 2217 lineum
738 2171 797 2218 et
834 2159 991 2218 intus
1038 2157 1295 2218 dissolve
1339 2158 1643 2219 modicum
1688 2158 1759 2218 de
1816 2178 1949 2218 zuc-

474 2254 653 2316 charo
680 2256 848 2316 candi
877 2255 1027 2316 bene
1057 2256 1315 2316 contrito
1342 2274 1355 2316 :
1390 2276 1511 2338 quo
1545 2255 1724 2333 facto,
1768 2256 1946 2317 micte

476 2354 631 2413 intus
662 2373 840 2413 unam
868 2353 962 2413 vel
984 2353 1126 2414 duas
1153 2366 1358 2434 guctas
1389 2373 1538 2435 aque
1563 2373 1808 2434 gumme
1828 2373 1947 2413 ara-

475 2449 626 2527 bice,
680 2464 738 2511 et
795 2452 978 2511 misce
1031 2450 1223 2527 bene3
1285 2452 1500 2512 deinde
1567 2450 1756 2512 scribe
1808 2470 1945 2511 cum

476 2567 670 2628 penna
705 2548 801 2609 vel
853 2547 1108 2630 pinzello
1156 2549 1317 2631 quod
1366 2550 1478 2626 vi5‚
1525 2564 1605 2626 et,
1652 2549 1944 2610 desiccato

537 2723 548 2741 ⁶
579 2717 727 2781 Apres
755 2732 830 2764 ces
863 2729 988 2765 mors
1019 2732 1294 2765 commence
1327 2717 1819 2766 vraisemblablement
1852 2735 1945 2768 une

472 2789 714 2836 deuxieme
733 2789 943 2837 addition
967 2804 1026 2835 au
1052 2789 1207 2837 traite.

534 2877 553 2903 ²
588 2878 626 2924 V
626 2879 799 2939 uriaco,
825 2893 915 2927 ms,
