2519 3775
612 452 726 508 114
1032 434 1198 494 L’ART
1241 433 1641 494 D’Enwumssk

603 564 755 626 bene
785 563 1144 641 mollificata,
1174 564 1353 625 micte
1383 565 1444 624 in
1472 583 1682 641 cornu,
1715 576 1774 625 et
1799 565 1977 624 micte
2002 564 2073 624 de

602 676 807 724 ceruto
853 663 1108 738 aurium,
1159 674 1218 722 et
1263 662 1563 722 modicum
1613 661 1947 723 modicum¹
2000 662 2071 723 de

604 760 802 837 melle,
853 762 932 821 ita
978 760 1161 842 quod,
1210 760 1449 842 quando
1497 761 1760 841 positum
1796 759 1971 822 fuerit
2011 762 2071 821 in

564 856 774 935 'carta,
803 857 1129 918 cinabrium
1163 856 1485 918 relucescat
1519 871 1578 917 et
1613 877 1735 917 non
1750 856 2065 939 frangatur.

602 958 674 1015 Et
705 969 845 1016 nota
873 955 1056 1037 quod,
1090 956 1138 1015 si
1180 954 1436 1015 multum
1472 974 1728 1036 poneres
1767 954 1839 1015 de
1870 955 2069 1032 melle,

600 1054 1019 1116 devastaretur.
1065 1056 1136 1114 Et
1161 1053 1250 1114 fac
1281 1054 1442 1136 quod
1472 1073 1608 1114 cum
1637 1052 1790 1135 clara
1818 1073 2072 1115 ovorum

600 1154 660 1213 in
691 1152 949 1233 ampulla
972 1172 1207 1233 semper
1235 1152 1311 1212 sit
1342 1151 1645 1213 modicum
1675 1151 1747 1212 de
1777 1151 2065 1233 realgaro²

601 1250 695 1312 vel
746 1250 858 1311 alia
891 1270 978 1327 re,
1029 1270 1142 1332 que
1185 1249 1361 1311 habet
1408 1250 1595 1331 ipsam
1642 1270 1990 1312 conservare
2037 1270 2070 1309 a

601 1348 1047 1430 putrefactione,
1078 1361 1143 1408 ut
1170 1347 1395 1409 dictum
1424 1360 1513 1408 est
1543 1348 1830 1428 superiuS.

691 1542 788 1603 25.
831 1528 917 1586 De
952 1524 1220 1586 coloribus
1253 1525 1326 1586 ad
1364 1524 1807 1586 illuminandum
1854 1547 1980 1587 cum

1189 1622 1446 1706 pizello³.

676 1758 873 1839 [I]tem
928 1771 1070 1819 nota
1112 1757 1274 1839 quod
1330 1756 1581 1831 coloreS,
1645 1757 1880 1839 quando
1932 1773 2068 1820 sunt

590 1855 742 1917 bene
792 1856 1031 1917 contriti
1072 1876 1210 1917 cum
1257 1875 1428 1938 aqua,
1477 1869 1536 1917 et
1579 1856 1763 1939 ejecta
1806 1876 1975 1939 aqua,
2009 1869 2068 1918 et

591 1955 886 2031 desiccati,
915 1969 1057 2015 tunc
1086 1955 1310 2036 poteris
1341 1974 1443 2015 eos
1475 1954 1733 2016 molere*
1759 1976 1897 2016 cum
1921 1975 2069 2037 aqua

587 2066 925 2134 gummata3
950 2066 1009 2113 et
1028 2053 1456 2133 permictantur
1487 2066 1637 2113 stare
1666 2054 1727 2113 in
1758 2073 1893 2114 vase
1924 2073 2032 2114 suo
2049 2077 2066 2130 ;

590 2164 671 2228 et,
718 2152 766 2211 si
810 2151 1201 2227 desiccantur,
1253 2164 1396 2211 tunc
1448 2150 1776 2212 mollificari
1818 2163 2071 2232 possunt

587 2269 727 2310 curn
779 2268 927 2331 aqua
974 2248 1127 2309 clara
1180 2250 1510 2326 communi,
1558 2262 1616 2309 et
1664 2250 1902 2327 iterum,
1945 2251 2067 2311 sive

586 2367 764 2428 super
817 2345 1098 2427 lapidem,
1159 2347 1285 2407 sive
1344 2367 1481 2407 cum
1538 2346 1758 2428 digito,
1814 2349 1874 2409 in
1930 2368 2067 2409 vase

590 2446 970 2526 distempera,
1003 2459 1063 2507 et
1094 2445 1307 2507 melius
1337 2460 1678 2527 operantur.

649 2597 660 2622 ¹
687 2596 817 2643 C’est
838 2596 883 2643 13
912 2595 1124 2643 locution
1156 2596 1388 2645 italienne
1415 2611 1427 2646 ε
1452 2605 1555 2659 poco
1569 2605 1686 2660 poco.

649 2677 668 2702 ²
695 2677 926 2738 Realgare,
951 2677 1054 2727 Sal.

656 2758 674 2783 ³
699 2757 913 2817 Pinzello,
938 2756 1033 2806 Sal.

656 2838 674 2863 ⁸
700 2838 899 2898 Miscere,
927 2836 1022 2885 Sal.
