2519 3775
619 492 700 550 94
1049 474 1217 534 L’ART
1261 472 1665 534 n'ENLUMmER

619 624 746 666 esse
776 620 1036 681 cautum,
1064 618 1130 666 ut
1159 625 1270 665 nec
1300 604 1475 664 nimis
1501 622 1611 663 nec
1640 622 1849 684 parum
1877 621 2087 683 ponaS‚

619 701 721 762 sed
747 701 1075 762 secundum
1105 701 1498 782 quantitatem
1548 700 1811 774 materie,
1859 711 2091 759 tantum

618 798 780 881 quod
809 799 1001 880 posita
1032 798 1267 859 modica
1295 817 1427 878 pars
1454 797 1695 857 materie
1736 796 1798 856 in
1841 813 1944 856 ore
1997 797 2094 855 vix

621 897 831 956 sentiat
855 896 927 956 de
957 894 1290 957 dulcedine.
1323 897 1396 954 Et
1426 895 1572 954 scias
1620 891 1781 975 quod
1806 892 1878 953 ad
1907 913 2094 953 unum

620 1013 868 1073 parvum
883 992 1169 1054 vasellum
1194 1012 1316 1074 quo
1342 993 1599 1072 pictores
1619 1003 1867 1051 utuntur
1883 988 2097 1050 sufficit

622 1104 907 1172 quantum
936 1091 1025 1151 vis
1048 1090 1065 1123 ¹
1094 1110 1232 1151 cum
1257 1102 1475 1170 puncta
1504 1102 1625 1149 aste
1655 1088 1892 1170 pinzelli
1937 1088 2094 1148 acci-

620 1186 808 1269 pias²,
843 1201 923 1264 et,
970 1189 1019 1247 si
1062 1188 1257 1247 minus
1303 1200 1481 1264 esset,
1527 1185 1926 1267 degastaretur
1973 1205 2094 1245 ma-

622 1287 787 1360 teria,
817 1298 898 1360 et,
956 1284 1248 1345 contricto
1295 1283 1468 1359 bene,
1515 1285 1723 1344 mictas
1769 1285 1831 1343 in
1876 1281 2096 1343 vasello

619 1383 894 1457 vitream,
929 1393 988 1441 et
1016 1382 1215 1442 statim
1265 1400 1452 1461 ponas
1481 1399 1693 1461 aquam
1741 1379 1955 1441 claram
1998 1399 2094 1439 su-

620 1480 817 1560 perius
842 1491 1014 1539 cauto
1037 1477 1219 1539 modo
1245 1479 1373 1538 sine
1397 1477 1805 1538 misculatione
1828 1478 2094 1552 materie,

620 1590 778 1638 tanta
803 1575 964 1658 quod
998 1576 1301 1657 cooperiat
1323 1594 1476 1652 eam,
1512 1588 1571 1637 et
1590 1575 1788 1635 statim
1807 1575 1887 1635 ita
1913 1574 2096 1635 recti-

619 1673 911 1751 ficabitur‚
963 1674 1125 1756 quod
1175 1694 1299 1735 non
1343 1672 1552 1735 faciet⁸
1594 1673 1858 1754 anpullas
1901 1692 2094 1754 neque

619 1768 907 1833 foramina
916 1785 1232 1852 postquam
1246 1770 1424 1831 fuerit
1437 1770 1746 1832 desiccata.
1774 1772 1846 1830 Et
1861 1770 2096 1851 quando

620 1869 878 1931 volueris
893 1889 1142 1951 ponere,
1162 1868 1299 1950 p'ost
1314 1867 1570 1951 aliquam
1583 1867 1876 1929 morulam
1896 1868 2095 1949 proice

620 1987 833 2049 aquam
872 1967 1126 2047 desuper
1155 1979 1458 2028 natantem
1500 1967 1626 2026 sine
1674 1965 1873 2048 aliquo
1924 1980 2092 2026 motu

625 2064 891 2124 materie.
925 2066 999 2123 Et
1029 2083 1288 2144 semper,
1303 2075 1619 2144 antequam
1644 2082 1833 2144 ponas
1858 2064 2100 2122 assisam

624 2163 686 2221 in
714 2161 850 2221 Ioco
888 2160 1131 2241 proprio
1156 2160 1258 2221 ubi
1302 2159 1481 2222 debes
1524 2161 1755 2240 operari
1806 2160 1869 2219 in
1919 2173 2096 2235 carta,

622 2257 802 2318 debes
831 2257 1081 2339 probare
1111 2259 1181 2340 in„
1202 2257 1396 2339 aliqua
1425 2269 1578 2318 carta
1603 2257 1900 2318 consimili
1930 2258 1977 2317 si
2008 2270 2096 2317 est

623 2356 773 2417 bene
798 2370 1142 2436 temperata,
1168 2368 1249 2432 et,
1274 2356 1583 2432 desiccata,
1617 2375 1773 2435 pone
1796 2354 2099 2415 modicum

623 2454 695 2515 de
723 2473 866 2515 auro
897 2454 1188 2535 superiu3‚
1219 2466 1279 2514 et
1306 2452 1505 2514 videas
1549 2454 1597 2513 si
1623 2452 1773 2514 bene
1803 2452 2094 2514 brunitur.

691 2690 701 2714 ¹
735 2688 839 2747 Bis,
873 2688 970 2736 Sal.

684 2776 702 2801 ²
731 2776 924 2838 Accipes,
955 2775 1049 2825 Sal.

685 2866 703 2891 ³
732 2866 903 2922 Faciat,
935 2865 1028 2912 Sal.
