2519 3775
875 544 952 586 DE
993 544 1143 587 ARTE
1183 543 1575 586 ILLUMINANDI
1841 539 1945 600 105

483 673 582 720 aut
608 659 817 739 lapidis
846 642 1121 719 naturalis
1150 657 1326 719 debet
1361 658 1571 719 moleri
1612 662 1789 738 s‘uper
1816 658 1959 738 lapi·-

485 757 623 818 dem
652 755 995 839 porfiricum
1015 769 1114 816 aut
1134 756 1370 816 alterius
1402 756 1619 836 speciei
1636 755 1955 816 fortissime

484 873 622 913 cum
642 872 791 935 aqua
810 853 1139 928 communi,
1163 870 1473 934 quousque
1495 851 1594 912 fiat
1615 852 1742 911 sine
1767 864 1949 927 taem,

486 964 544 1011 et
573 964 779 1033 postea
816 950 1016 1010 micti¹
1054 951 1114 1010 in
1144 949 1376 1009 vasellis
1414 951 1618 1010 terreis
1646 948 1904 1009 vitreatis
1933 972 1950 1025 3

483 1061 565 1123 et,
598 1067 735 1108 cum
764 1046 1068 1123 resederit,
1087 1047 1330 1107 eiciatur
1357 1067 1506 1129 aqua
1534 1060 1726 1123 caute,
1759 1059 1817 1107 et
1845 1066 1952 1127 po-

487 1159 656 1205 natur
684 1145 757 1205 de
786 1145 1030 1221 recenti,
1064 1158 1123 1205 et
1153 1146 1235 1205 sic
1266 1165 1387 1205 uno
1417 1158 1476 1205 et
1505 1145 1736 1225 optimo
1768 1143 1950 1204 modo

484 1246 904 1303 conservantur
946 1242 1225 1324 quamdiu
1269 1241 1548 1325 placitum
1590 1241 1763 1302 fuerit
1802 1261 1950 1321 ope-

483 1341 679 1416 ranti3
715 1352 798 1416 et,
849 1340 897 1399 si
944 1358 1092 1421 aqua
1137 1338 1414 1424 defecerit
1461 1352 1562 1398 aut
1599 1338 1880 1422 putrefiat
1902 1339 1948 1412 ²,

482 1451 735 1518 ponatur
763 1457 999 1521 semper
1023 1436 1095 1497 de
1125 1436 1372 1519 recenti.
1418 1437 1491 1496 Et
1537 1435 1715 1519 simili
1766 1434 1950 1495 modo

483 1544 860 1596 conterantur
886 1537 999 1615 pro'
1028 1534 1235 1614 majori
1265 1545 1434 1614 parte
1462 1553 1673 1593 omnes
1719 1533 1952 1593 colores

481 1633 582 1714 qui
612 1629 832 1691 habent
870 1616 1110 1711 eorpu5‚
1145 1644 1394 1712 excepto
1443 1629 1630 1715 viride
1658 1649 1745 1705 eS,
1790 1628 1952 1711 quod

482 1729 689 1790 teritur
712 1748 848 1789 cum
888 1742 1078 1805 acet0‚
1130 1729 1252 1788 sive
1298 1747 1436 1811 cum
1479 1747 1623 1787 suco
1669 1726 1952 1787 foliorum

480 1827 741 1887 liliorum
789 1826 1189 1903 azurinorum,
1223 1838 1323 1886 aut
1363 1844 1500 1886 curn
1529 1843 1673 1884 suco
1720 1844 1949 1914 pruno—

470 1944 615 1985 'rum
658 1924 1161 2005 supradictorum3
1203 1937 1262 1985 et
1310 1924 1405 1984 alii
1447 1935 1763 1984 conterunt
1812 1941 1949 1982 cum

483 2042 625 2082 suco
667 2022 839 2082 rute³
886 2035 946 2082 et
993 2021 1231 2106 modico
1279 2041 1479 2100 crocu,
1519 2034 1578 2081 et
1618 2033 1950 2102 temperant

477 2140 620 2180 eum
649 2139 786 2180 cum
821 2119 1025 2180 vitello
1057 2123 1333 2181 ovorum.
1381 2118 1499 2178 Alii
1540 2126 1684 2178 vero
1719 2116 1949 2177 colores

478 2221 865 2278 conteruntur
893 2231 952 2278 et
982 2228 1407 2278 conservantur
1436 2214 1851 2300 simili-mon
1882 2227 1949 2275 ut

479 2334 655 2395 supra
684 2314 908 2375 dictum
948 2328 1056 2375 est.
1102 2316 1174 2374 Et
1204 2326 1346 2396 nota
1392 2312 1576 2395 quod,
1610 2313 1658 2371 si
1679 2312 1946 2393 ‘azurium

476 2411 926 2473 ultramarinum
966 2425 1055 2472 est
1085 2410 1238 2471 bene
1280 2408 1494 2470 subtile
1533 2419 1592 2469 et
1631 2403 1945 2485 mundum,

477 2522 674 2590 potest
703 2510 765 2569 in
791 2508 1012 2569 vasello
1053 2510 1176 2570 sive
1206 2508 1268 2568 in
1299 2527 1484 2570 cornu
1515 2527 1654 2570 cum
1683 2519 1951 2590 tempera

547 2746 556 2771 ¹
584 2733 857 2806 Micte,'Sal.

542 2833 560 2858 *
587 2835 833 2895 Putrescat,
859 2835 951 2884 Sal.

542 2922 561 2948 ⁸
589 2924 710 2983 Rue,
734 2924 892 2987 plante
919 2924 1213 2974 medicinale.
