2519 3775
601 516 626 557 1
642 515 711 558 12
1023 493 1191 558 L’ART
1231 494 1635 559 D’Eunummmz

595 641 776 705 tactu,
819 628 997 687 micte
1034 627 1095 687 in
1134 625 1377 687 scutella
1408 627 1674 704 vitreata,
1715 642 1775 690 et
1812 628 2063 711 desuper

594 725 774 788 funde
804 726 939 786 satis
970 723 1043 785 de
1069 744 1217 806 aqua
1245 725 1579 803 communi,
1612 739 1671 787 et
1700 727 1882 788 misce
1912 727 2062 788 bene

595 844 732 885 cum
749 823 967 905 digitis,
987 836 1045 883 et
1070 822 1199 883 cola
1218 842 1357 883 eum
1372 842 1477 903 per
1497 843 1760 904 pannum
1777 826 2055 886 sericum¹

593 921 689 983 vel
704 920 808 981 lini
829 920 1042 982 subtile
1064 933 1123 981 et
1140 920 1397 1001 spissum
1418 920 1479 980 in
1499 919 1614 981 alio
1635 941 1770 982 vase
1786 923 2059 999 vitream,

595 1029 654 1077 et
679 1015 823 1077 illud
845 1037 1120 1098 grossum
1151 1014 1312 1098 quod
1348 1030 1615 1078 remanet
1661 1017 1875 1078 iterum
1902 1017 2061 1079 mole

594 1129 654 1177 et
682 1115 834 1193 cola,
852 1129 917 1176 ut
942 1135 1139 1196 supra,
1158 1128 1218 1176 et
1241 1114 1455 1175 deinde
1474 1115 1760 1195 permicte
1781 1116 2060 1195 residere,

592 1229 651 1277 et
698 1215 899 1296 proice
955 1233 1190 1296 aquam,
1240 1226 1301 1274 et
1347 1213 1575 1274 desicca
1618 1213 1691 1273 ad
1732 1234 1953 1293 aerem,
2002 1228 2061 1276 et

594 1334 781 1374 serva.
825 1315 899 1374 Et
940 1311 1118 1394 aliqui
1155 1324 1411 1392 ponunt,
1459 1311 1693 1393 quando
1745 1326 2061 1375 conterunt

596 1409 944 1487 cinabrium,
970 1409 1275 1470 modicum
1296 1408 1369 1469 de
1390 1411 1652 1491 stuppi0,
1679 1410 1818 1471 alias
1849 1412 2060 1490 minin,

595 1508 869 1571 videlicet
916 1525 1079 1568 vnum
1123 1521 1353 1588 partem
1401 1508 1607 1588 ipsiuS,
1648 1522 1708 1570 et
1741 1508 1960 1571 faciunt
1998 1523 2063 1572 ut

596 1628 770 1689 supra
789 1606 861 1667 de
887 1605 1142 1687 simplici
1165 1604 1458 1666 cinabrio:
1489 1604 1578 1666 fac
1594 1605 1755 1688 quod
1777 1606 2056 1679 volueris»,

596 1719 656 1767 et
685 1704 933 1765 modum
971 1703 1077 1764 tibi
1109 1704 1392 1785 placitum
1428 1704 1641 1781 retine,
1682 1705 1817 1786 quia
1840 1718 2062 1766 utrum-

511 1794 516 1801 *
597 1823 712 1886 que
750 1801 977 1863 bonum
1016 1815 1125 1863 est.
1175 1801 1271 1879 Et,
1305 1801 1539 1883 quando
1568 1801 1828 1863 volueris
1867 1823 1938 1863 ex
1987 1824 2061 1864 eo

593 1903 781 1964 facere
817 1901 1019 1978 flore'S,
1060 1900 1415 1983 distempera
1448 1921 1586 1962 cum
1624 1901 1775 1962 clara
1806 1922 2059 1963 ovorum

597 2021 773 2082 super
808 2000 1088 2082 lapidem,
1131 2013 1191 2060 et
1230 2000 1407 2061 micte
1433 2000 1494 2060 in
1528 2020 1712 2060 cornu
1746 2000 1936 2061 vitreo
1965 2001 2059 2062 vel

597 2097 857 2176 bovino;
899 2111 977 2169 et,
1022 2098 1069 2157 si
1108 2097 1259 2158 clara
1290 2096 1426 2159 facit
1463 2093 1757 2178 spumam,
1791 2111 2060 2159 cerotum

597 2197 824 2258 aurium
843 2192 1190 2257 hominum*
1210 2195 1575 2274 immediate,
1594 2196 1642 2257 si
1663 2195 1970 2257 modicum
1989 2196 2062 2256 de

598 2316 671 2370 eo
696 2295 988 2377 posueriS,
1030 2294 1293 2356 destruet
1321 2315 1451 2355 eam
1468 2318 1485 2372 ;
1522 2307 1581 2355 et
1610 2293 1727 2355 hoc
1756 2308 1845 2356 est
1874 2314 2061 2375 secre-

598 2408 750 2456 tum.
802 2395 876 2454 Et
918 2405 1059 2453 nota
1104 2392 1266 2475 quod
1322 2393 1607 2470 azurium,
1650 2406 1709 2453 et
1751 2393 2058 2474 potissime

599 2493 1066 2568 ultramarinum,
1086 2505 1144 2552 et
1161 2490 1486 2553 cinabrium
1503 2489 1621 2552 hoc
1634 2491 1816 2552 modo
1833 2492 2058 2572 optime

598 2592 917 2669 florizatur,
954 2591 1076 2651 sive
1116 2610 1186 2650 ex
1220 2590 1304 2650 eis
1328 2589 1505 2650 flores
1534 2588 1686 2650 fiunt
1719 2610 1733 2649 ε
1760 2588 2057 2667 videlicet,

662 2754 677 2779 ¹
710 2754 921 2813 Siricum,
941 2753 1035 2802 Sal.

661 2835 679 2860 ²
704 2835 771 2881 Ce
792 2832 1019 2895 singulier
1043 2833 1164 2880 cerat
1188 2844 1259 2880 est
1287 2832 1331 2880 la
1354 2833 1543 2880 matiere
1576 2834 1713 2896 jaune
1749 2831 1947 2880 secretee
1978 2848 2059 2895 par

598 2904 794 2953 l’oreille
812 2904 1053 2952 humaine.
1078 2903 1155 2952 Cf.
1190 2904 1234 2951 le
1257 2908 1312 2951 n⁰
1348 2901 1446 2962 24.'
