2519 3775
615 493 726 536 120
1035 470 1203 533 L'ART
1248 473 1655 534 D’ENLUMINER

609 627 818 670 aurum
847 607 1142 667 musicum
1170 604 1478 665 umbratur
1499 624 1637 665 cum
1657 624 1835 665 croco
1864 619 1924 667 et
1952 625 2079 667 ver-

607 708 771 767 zino¹
803 706 924 765 sive
945 706 967 741 ²
997 717 1247 781 resecta,
1281 717 1340 765 et
1369 704 1453 764 sic
1472 702 1864 784 giallolinum.
1902 706 2075 782 Item,

609 805 682 866 ad
722 803 1054 865 faciendum
1102 804 1358 864 criseum
1405 801 1673 862 colorem
1693 815 1735 879 ³,
1780 803 1975 883 recipe
2006 803 2078 863 de

614 905 783 985 nigro
808 915 867 963 et
895 900 1029 963 albo
1051 915 1110 963 et
1135 900 1370 982 glauce,
1393 914 1475 977 et,
1509 901 1557 960 si
1585 900 1674 960 vis
1694 899 1856 982 quod
1879 899 2080 962 tendat

609 1000 933 1084 aliqualiter
960 1000 1032 1061 ad
1060 999 1434 1076 rubedinem,
1475 1018 1632 1080 pone
1674 998 1976 1059 modicum
2007 997 2078 1059 de

606 1100 820 1162 rubeo,

681 1200 740 1260 Si
764 1199 853 1258 vis
872 1196 1061 1258 facere
1084 1197 1518 1257 incarnaturam
1533 1195 1699 1257 faciei
1719 1195 1813 1278 vel
1830 1196 2082 1256 aliorum

602 1294 1014 1356 membrorum
1040 1295 1087 1371 Β,
1122 1295 1317 1376 primo
1346 1293 1525 1355 debes
1563 1294 1842 1354 investire
1879 1292 2081 1354 locum

607 1407 804 1455 totum
844 1392 1005 1475 quod
1050 1390 1229 1453 debes
1257 1393 1556 1453 incarnare
1598 1392 1671 1452 de
1714 1405 1866 1452 terra
1909 1390 2081 1451 viridi

611 1512 749 1552 cum
780 1491 970 1551 multo
1000 1489 1158 1569 albo,
1185 1491 1266 1552 ita
1297 1489 1459 1572 quod
1479 1489 1785 1551 modicum
1812 1502 2082 1570 appareat

610 1589 894 1666 viridita8‚
927 1602 987 1650 et
1017 1588 1246 1671 liquido
1279 1587 1483 1664 mod0‚
1516 1587 1728 1649 deinde
1775 1607 1912 1648 cum
1958 1601 2082 1648 ter-

613 1688 828 1764 recta⁵‚
862 1707 977 1769 que
1005 1686 1074 1748 fit
1103 1707 1183 1757 ex
1203 1686 1414 1767 glauco
1458 1699 1517 1747 et
1564 1687 1735 1767 nigro
1782 1686 1979 1746 indico
2023 1697 2083 1746 et

610 1784 819 1861 rube0‚
848 1784 1080 1867 liquido
1121 1770 1307 1845 modo
1340 1783 1780 1845 reinvestiendo
1806 1784 2080 1866 proprie-

610 1897 758 1945 tates
774 1881 1123 1966 figurarum,
1141 1881 1474 1944 umbrando
1486 1881 1615 1944 loca
1626 1881 1819 1944 debita
1834 1907 1850 1960 3
1870 1882 2081 1943 deinde

613 2001 751 2042 curn
779 1981 915 2042 albo
941 1994 999 2042 et
1027 1980 1267 2042 modico
1296 1980 1483 2042 viride
1513 1980 1708 2042 releva
1726 1982 1749 2017 ⁸
1777 1981 1873 2041 vel
1912 1980 2081 2041 clari-

613 2079 725 2141 fica
773 2079 909 2141 loca
968 2079 1271 2166 elevanda,
1326 2080 1477 2140 sicut
1528 2080 1785 2160 pictores
1840 2077 2080 2140 faciunt.

680 2296 695 2322 ¹
724 2295 853 2343 Nom
880 2296 1042 2343 italien
1064 2296 1130 2343 du
1149 2295 1254 2344 bois
1282 2294 1339 2342 de
1366 2294 1525 2343 bresil.

675 2383 695 2409 ¹
722 2384 843 2443 Sine,
876 2382 970 2432 Sal.

677 2474 696 2500 ⁸
722 2473 934 2521 Couleur
960 2474 1109 2537 grise.

674 2563 694 2589 ⁴
721 2563 787 2610 Le
825 2565 1087 2611 manuscrit
1130 2572 1263 2626 porte
1303 2564 1382 2623 ici,
1425 2578 1484 2610 en
1527 2577 1721 2626 marge:
1752 2562 1870 2610 Nota
1911 2561 2088 2608 modum

615 2634 884 2681 incarnandi
896 2634 1034 2696 facies
1054 2638 1096 2681 et
1115 2634 1209 2680 alia
1234 2634 1451 2683 membra.

678 2723 698 2749 ³
724 2724 790 2770 La
817 2734 1022 2781 terrette,
1054 2722 1248 2771 couleur
1276 2725 1419 2772 tirant
1446 2739 1527 2771 sur
1553 2722 1598 2771 le
1632 2724 1748 2786 gris.
1779 2722 1844 2770 V.
1865 2736 1982 2786 page
2001 2734 2086 2783 ²7·

682 2820 702 2847 ⁰
726 2812 897 2860 Terme
928 2813 1046 2861 reste
1062 2828 1188 2864 ,avec
1207 2824 1328 2862 cette
1355 2813 1674 2877 signification
1703 2813 1822 2860 dans
1842 2812 1887 2859 la
1913 2812 2088 2873 langue

620 2885 702 2932 des
730 2887 952 2947 peintreS.
