2519 3775
826 522 903 563 DE
945 520 1096 563 ARTE
1137 521 1526 564 ILLUMINANDI
1571 563 1580 575 ,
1826 522 1901 579 99

438 642 654 701 iterum
719 638 978 715 bruniaS,
1046 637 1237 700 donec
1310 637 1418 700 tibi
1491 639 1717 720 optime
1781 638 1905 720 pla-

441 744 627 800 ceat1.
657 739 730 797 Et
762 737 845 796 sic
874 755 1012 797 cum
1054 735 1245 816 lapide
1285 735 1507 797 amatiti
1534 736 1631 796 vel
1657 735 1907 796 aliorum

441 835 935 895 ferramentorum
971 831 1043 893 ad
1073 831 1189 899 hoc
1215 846 1660 914 preparatorum
1692 833 1909 913 poterit

443 932 574 1013 quis
603 950 779 1012 super
805 927 1067 990 tabulam
1119 928 1279 990 bussi
1322 942 1422 990 aut
1463 929 1699 990 alterius
1739 928 1907 1010 ligni,

443 1028 589 1089 etc.²
625 1045 834 1088 aurum
872 1028 956 1087 sic
989 1026 1253 1107 positum
1286 1026 1511 1087 lineare
1544 1039 1643 1087 aut
1674 1046 1915 1107 granec-

444 1139 590 1202 tare‚
623 1137 682 1186 et
707 1127 790 1185 sic
819 1125 929 1185 erit
962 1124 1354 1204 completum.
1384 1126 1457 1184 Et
1486 1143 1624 1184 cum
1648 1121 1912 1204 pluribus

443 1222 569 1283 aliis
615 1222 808 1283 modis
851 1241 1062 1282 aurum
1103 1221 1200 1281 vel
1237 1233 1549 1303 argentum
1593 1222 1655 1280 in
1693 1234 1910 1281 cartam

444 1340 667 1402 ponere
696 1338 763 1379 ac
792 1319 864 1379 de
894 1317 1159 1399 pluribus
1187 1318 1314 1379 aliis
1348 1317 1523 1379 rebus
1557 1319 1797 1379 assisam
1824 1318 1913 1378 fa·-

443 1437 576 1478 cere
614 1417 825 1497 possit,
857 1429 1055 1478 tamen
1095 1416 1168 1477 de
1207 1416 1322 1476 isto
1353 1415 1535 1476 modo
1566 1415 1911 1496 simpliciter

443 1515 641 1596 posui,
672 1534 746 1575 eo
776 1512 936 1596 quod
964 1513 1199 1574 videtur
1227 1513 1410 1573 michi
1439 1533 1567 1574 esse
1597 1513 1671 1573 de
1702 1512 1909 1574 melio-

400 1673 407 1682 ,
445 1612 632 1689 ribuS,
659 1625 718 1672 et
747 1631 887 1672 cum
914 1610 1068 1692 apud
1092 1630 1303 1671 omnes
1328 1610 1754 1671 illuminatores
1785 1631 1913 1671 mo-

448 1709 557 1770 dus
594 1710 704 1770 iste
733 1708 987 1769 esttsatis
1016 1707 1379 1769 communis,

455 1923 547 1984 16.
579 1923 666 1981 De
686 1920 847 2003 aquis
872 1938 965 1981 seu
995 1916 1385 1981 hictuminibus
1402 1918 1475 1979 ad
1501 1924 1676 1980 artem
1697 1916 1912 1980 illumi-

544 2017 719 2079 nandi
739 2016 1092 2089 neccessai‘iis,
1126 2023 1177 2078 et
1194 2016 1383 2099 primo
1406 2014 1469 2077 de
1494 2034 1646 2099 aqua
1674 2014 1827 2079 colle.

530 2187 749 2270 Recipe
782 2207 925 2269 ergo
955 2187 1168 2248 collam
1197 2185 1557 2248 cerbunam³
1592 2206 1696 2247 seu
1726 2199 1916 2247 carta-

453 2306 609 2363 rum,
642 2285 702 2346 id
732 2299 820 2346 est
849 2285 921 2346 de
942 2282 1406 2346 extremitatibus
1421 2304 1920 2366 pergamenorum

449 2383 683 2461 factam,
716 2402 831 2466 que
861 2394 949 2444 est
968 2383 1203 2460 melior,
1227 2396 1286 2443 et
1315 2394 1456 2443 nota
1483 2381 1667 2464 quod,
1694 2394 1916 2463 quanto

520 2577 532 2603 ¹
564 2576 757 2637 Placiat,
776 2590 868 2625 ms,

518 2666 536 2690 ²
567 2666 742 2718 Etiam.
767 2664 863 2715 Sal.

519 2754 537 2779 ³
571 2754 696 2800 Colla
722 2752 925 2811 cerbaria,
953 2751 1046 2801 Sal.
1073 2754 1151 2801 Cf.
1179 2752 1247 2801 les
1271 2749 1349 2800 nos
1381 2766 1406 2799 2
1441 2764 1489 2800 et
1525 2766 1599 2812 14.
1640 2752 1777 2801 Cette
1804 2750 1922 2799 colle

457 2833 527 2870 est
555 2823 773 2872 distincte
805 2823 863 2870 de
893 2824 939 2871 13
964 2823 1081 2871 colle
1103 2824 1161 2871 de
1180 2823 1472 2888 parchemin,
1506 2823 1681 2886 malgre
1704 2822 1924 2887 Pamphi-

458 2892 647 2956 bologie
672 2895 736 2941 du
769 2905 911 2943 texte.
