2519 3775
817 503 894 547 DE
934 503 1084 546 ARTE
1124 503 1518 547 ILLUMINANDI
1822 489 1899 563 87

431 617 606 677 titura
652 635 983 695 pannorum
1025 624 1123 676 aut
1148 615 1431 701 foliorum
1471 637 1581 677 nec
1610 638 1729 677 non
1763 639 1897 678 cor-

430 732 647 794 porum
692 713 1040 789 litterarum‚
1097 732 1276 794 quam
1331 714 1509 774 etiam
1566 714 1637 773 ad
1682 713 1899 774 facien-

433 811 578 871 dum
632 827 762 870 eam
817 809 1133 891 liquidam,
1201 809 1422 892 absque
1490 830 1768 892 corpore,
1830 812 1900 872 ad

433 906 829 969 umbrandum
879 906 1020 968 folia
1066 906 1163 968 vel
1219 927 1470 989 corpora
1517 908 1898 969 litterarum1.

434 1007 689 1090 Rosecta
759 1024 1047 1086 corporea
1109 1003 1228 1065 hoc
1293 1004 1475 1065 modo
1535 1005 1620 1065 fit.
1685 1008 1902 1087 Recipe

433 1102 665 1182 lignum
693 1099 926 1161 brasili²
961 1102 1282 1182 optimum,
1315 1089 1479 1183 cujus
1509 1101 1621 1163 hec
1644 1117 1733 1163 est
1760 1123 1903 1183 pro-

433 1199 624 1276 baci0‚
642 1198 917 1260 videlicet
936 1199 1120 1280 quod,
1144 1201 1341 1279 posito
1371 1200 1431 1259 in
1453 1219 1578 1276 ore,
1601 1200 1702 1261 fit³
1732 1201 1902 1277 dulce

433 1296 670 1378 quando
726 1297 1067 1357 masticatur
1111 1310 1171 1357 et
1223 1297 1471 1376 vertitur
1519 1299 1581 1357 in
1638 1298 1902 1360 colorem

432 1415 765 1472 rosaceum,
788 1408 849 1455 et
866 1395 1001 1456 rade
1030 1416 1103 1456 ex
1130 1396 1290 1458 dicto
1312 1396 1476 1477 ligno
1498 1416 1637 1458 cum
1662 1398 1901 1459 cultello

435 1491 531 1553 vel
559 1493 715 1553 vitro
745 1504 974 1573 partem
1016 1513 1195 1574 quam
1223 1493 1506 1571 volueri3‚
1548 1508 1608 1554 et
1647 1515 1804 1576 pone
1841 1498 1902 1556 in

435 1587 636 1649 lixivio
665 1587 820 1649 facto
850 1588 923 1650 de
951 1588 1130 1669 lignis
1153 1590 1346 1650 vitum
1369 1574 1465 1649 vel
1485 1610 1792 1672 quercum,
1825 1605 1901 1665 et,

437 1688 486 1747 si
515 1698 603 1746 est
630 1687 941 1768 antiquum
977 1686 1271 1763 lixivium,
1307 1687 1517 1747 melius
1548 1701 1660 1762 est,
1700 1701 1761 1748 et
1787 1687 1905 1749 hoc

434 1784 498 1845 in
543 1803 679 1844 vase
725 1785 975 1844 vitreato
1026 1783 1190 1865 quod
1233 1785 1518 1845 sustineat
1568 1785 1794 1865 ignem,
1844 1799 1903 1847 et

433 1880 704 1943 lixivium
734 1895 1073 1962 supernatet
1103 1902 1279 1963 supra
1305 1881 1533 1944 dictum
1561 1880 1793 1959 brasile,
1825 1884 1905 1944 ita

433 1979 595 2061 quod
624 1979 904 2062 quicquid
923 1993 1014 2040 est
1039 1980 1100 2039 in
1121 1999 1195 2040 eo
1219 1979 1538 2041 resolubile
1567 1983 1731 2061 poxit
1751 1980 1902 2043 bene

432 2076 650 2138 resolvi
679 2078 739 2136 in
769 2077 929 2138 dicto
959 2077 1185 2154 lixivio,
1226 2090 1286 2138 et
1320 2077 1393 2138 ad
1435 2078 1901 2140 mollificandum

431 2195 537 2256 per
565 2188 805 2258 noctem
829 2174 926 2236 vel
951 2175 1114 2236 diem
1143 2195 1326 2236 unam
1342 2178 1629 2256 permicte
1659 2190 1810 2238 stare
1840 2179 1901 2238 in

431 2272 591 2334 dicto
629 2271 866 2350 lixivio;
910 2273 1124 2334 deinde
1162 2293 1323 2354 pone
1363 2273 1523 2355 juxta
1565 2275 1794 2355 ignem,
1843 2289 1904 2337 et

433 2370 659 2433 calefiat
686 2391 872 2453 usque
906 2371 978 2432 ad
1018 2370 1415 2443 bullitionem,
1462 2385 1522 2433 et
1551 2392 1674 2433 non
1703 2371 1905 2435 bulliat

460 2581 465 2584 ·
493 2556 509 2582 ¹
540 2556 604 2603 La
631 2568 819 2617 rosette,
849 2557 1025 2620 d’apres
1044 2571 1095 2603 ce
1124 2571 1333 2619 passage,
1361 2556 1475 2605 etait
1500 2557 1558 2604 de
1578 2556 1700 2604 deux
1737 2570 1902 2611 sortes.

434 2627 496 2675 V.
524 2642 638 2690 page
664 2641 744 2688 23.
1263 2681 1275 2690 ‚

495 2713 513 2738 ²
539 2715 649 2761 Bois
680 2715 738 2762 de
765 2714 921 2775 bresil,
962 2715 1209 2761 substance
1246 2716 1330 2776 qui
1358 2726 1489 2762 entre
1517 2729 1686 2762 encore
1714 2714 1833 2763 dans
1860 2716 1906 2762 la

435 2787 748 2847 composition
770 2786 827 2833 de
851 2802 938 2834 nos
961 2786 1121 2850 laques
1146 2785 1423 2832 carminees.
1455 2785 1517 2833 V.
1543 2800 1659 2848 page
1692 2800 1772 2846 23.

495 2872 515 2899 ³
534 2874 627 2931 Sit,
654 2876 747 2922 Sal.
