2519 3775
610 450 719 508 108
1035 447 1201 506 L’ART
1243 446 1644 508 D’Enmumssn

606 579 780 655 derit,
812 577 936 639 eice
963 597 1175 660 aquam
1205 592 1372 638 caute
1402 577 1462 638 in
1491 577 1605 638 alio
1635 596 1771 637 vase
1795 577 2065 653 vitream,

606 677 686 737 ita
726 674 910 758 quod,
948 675 997 735 si
1034 674 1256 757 aliquid
1294 677 1404 736 iret
1435 695 1571 736 cum
1601 694 1748 757 aqua
1778 674 1851 735 de
1880 674 2067 749 bon0,

606 792 728 835 non
760 773 1036 854 perdatur
1060 796 1077 849 3
1110 786 1170 833 et
1200 774 1416 833 iterum
1447 792 1605 853 pone
1635 772 1707 833 de
1737 791 1885 854 aqua
1912 790 2072 832 com-

608 871 797 947 muni,
831 883 889 931 et
916 868 1005 931 fac
1039 870 1331 945 similiter,
1365 884 1423 931 et
1453 869 1569 931 hoc
1606 870 1834 930 tociens
1862 871 2072 930 reitera

606 968 798 1031 donec
826 968 1087 1029 azurium
1114 980 1414 1028 remaneat
1433 987 1650 1049 purum
1668 981 1727 1028 et
1756 966 2067 1043 mundum,

603 1080 685 1143 et,
752 1065 891 1126 licet
955 1065 1339 1141 diminuatur,
1412 1078 1611 1126 tamen
1658 1078 1747 1126 est
1814 1063 2070 1127 multum

604 1162 1000 1224 melioratum.
1036 1164 1131 1238 Et,
1167 1163 1215 1222 si
1247 1163 1338 1222 vis
1365 1160 1554 1223 facere
1585 1161 1735 1222 sicut
1772 1161 1844 1221 de
1873 1161 2069 1221 azurio

603 1258 1025 1335 ultramarin0,‚
1040 1258 1406 1320 conterendo
1437 1271 1497 1319 et
1519 1256 1787 1319 faciendo
1826 1258 2069 1319 transire

603 1375 711 1437 per
739 1375 1002 1437 pannum
1039 1356 1162 1416 sive
1200 1357 1453 1416 sericum
1476 1360 1520 1432 ¹,
1557 1368 1770 1435 potes;
1802 1354 1904 1415 sed
1932 1373 2071 1414 azu-

606 1453 762 1513 rium
775 1453 927 1514 forte
949 1452 1107 1514 istud
1127 1451 1520 1514 alamanicam
1537 1452 1808 1534 perderet
1824 1452 2075 1512 nimium

605 1550 896 1628 colorem,
928 1552 1008 1612 ita
1038 1549 1200 1633 quod
1239 1551 1367 1610 sine
1396 1550 1512 1611 alio
1551 1549 1845 1632 adjutorio
1869 1563 2074 1631 postea

606 1647 781 1729 [non]
811 1647 1032 1709 valeret
1052 1648 1114 1724 ²3
1149 1661 1208 1709 et
1235 1661 1381 1709 tunc
1409 1648 1638 1709 desicca
1666 1661 1724 1708 et
1752 1667 1938 1710 serva.
1973 1649 2068 1724 Et,

607 1745 843 1827 quando
891 1745 980 1805 vis
1022 1745 1287 1806 azurium
1331 1744 1593 1807 laborare
1626 1765 1763 1805 cum
1792 1743 2068 1826 pinzell0‚

604 1842 963 1924 distempera
1033 1861 1173 1906 eum
1227 1862 1367 1905 cum
1421 1862 1570 1926 aqua
1618 1855 1955 1925 gummata;
2014 1853 2073 1904 et

603 1940 784 2023 aliqui
813 1953 1047 2021 ponunt
1076 1940 1219 2000 duas
1248 1941 1344 2001 vel
1369 1954 1486 2002 tres
1505 1954 1709 2023 guctas
1738 1940 1890 2001 clare
1920 1958 2072 2001 ovo-

606 2057 741 2099 rum
763 2061 780 2114 ;
806 2037 895 2098 fac
923 2037 1084 2120 quod
1121 2039 1333 2099 melius
1358 2051 1470 2115 est,
1510 2051 1576 2099 ut
1603 2051 1740 2119 post
1767 2036 2073 2119 probatio-

603 2154 743 2195 nem
783 2133 891 2197 tibi
917 2133 1233 2198 Videbitur.
1288 2137 1464 2212 Item,
1508 2135 1742 2218 quando
1770 2136 1860 2196 vis
1882 2134 2071 2196 facere

606 2250 855 2312 corpora
882 2229 1212 2293 litterarum
1237 2251 1376 2292 cum
1396 2252 1613 2313 penna,
1645 2232 1889 2293 notifico
1912 2230 2072 2314 quod

606 2327 786 2409 aliqui
862 2328 1287 2410 distemperant
1363 2331 1625 2391 azurium
1708 2350 1846 2390 cum
1925 2346 2073 2411 aqua

605 2444 873 2505 gumme,
908 2438 969 2486 et
997 2425 1175 2508 aliqui
1219 2446 1358 2488 cum
1387 2426 1539 2487 clara
1567 2446 1848 2505 ovorum,
1879 2440 1938 2488 et
1966 2446 2072 2508 po·-

607 2535 757 2585 nunt
804 2523 1107 2585 modicum
1154 2522 1226 2583 de
1282 2543 1551 2599 zuccar0‚
1605 2525 1770 2606 quasi
1821 2543 2072 2605 granum

668 2755 681 2780 ⁴
709 2754 920 2814 Sirio-um,
951 2755 1044 2803 Sal.

667 2842 686 2867 ²
713 2843 819 2888 Sine
835 2843 924 2889 alio
950 2842 1171 2904 adjutorio
1186 2851 1331 2906 pauca
1358 2842 1539 2905 valeret,
1560 2844 1654 2895 Sal.
