2519 3775
873 502 948 544 DE
989 504 1139 546 ARTE
1179 506 1569 549 ILLUMINANDI
1837 510 1948 571 107

484 614 610 674 sine
642 614 955 692 salzedine,
984 630 1043 677 et
1072 619 1223 678 sicca
1238 619 1310 678 ad
1339 619 1632 697 umbram,
1666 635 1724 682 et
1754 642 1939 686 serva.

483 712 577 787 Et,
611 712 659 771 si
687 713 776 772 vis
805 713 965 794 quod
993 714 1067 774 sit
1105 716 1165 774 in
1204 715 1413 776 ultima
1450 715 1791 793 subtilitate,
1818 733 1943 780 tere

482 809 678 890 ipsum
708 811 832 870 sine
860 823 1041 888 tactu,
1074 825 1133 872 et
1157 831 1316 892 pone
1346 814 1407 872 in
1435 834 1570 875 vase
1596 834 1734 875 cum
1759 816 1944 877 multa

480 926 630 989 aqua
665 909 993 985 communi,
1039 922 1098 970 et
1129 911 1310 970 misce
1350 908 1523 987 bene,
1571 925 1629 972 et
1667 912 1796 972 cola
1837 933 1943 993 per

478 1004 792 1065 sindonem
822 1006 944 1066 sive
973 1025 1235 1087 pannum
1265 1007 1511 1082 lineum,
1549 1008 1740 1070 donec
1771 1025 1942 1072 exeat

474 1113 672 1162 totum
700 1101 843 1163 illud
881 1103 1042 1184 quod
1078 1105 1299 1185 poterit
1345 1106 1525 1181 exire,
1558 1119 1617 1167 et
1654 1108 1939 1186 permicte

476 1198 754 1276 residere,
783 1214 842 1261 et
870 1201 994 1261 eice
1032 1220 1268 1283 aquam,
1298 1216 1357 1263 et
1386 1203 1547 1284 quod
1583 1218 1849 1265 remanet
1879 1206 1939 1264 in

475 1293 659 1355 fundo
688 1297 839 1356 vasis
887 1296 1117 1357 desicca
1160 1297 1233 1358 ad
1280 1317 1475 1358 aerem
1520 1296 1741 1381 absque
1787 1299 1936 1375 sole,

476 1393 611 1473 quia
666 1394 963 1474 optimum
1018 1395 1128 1455 erit
1182 1394 1255 1455 ad
1306 1413 1517 1456 omnes
1564 1398 1939 1477 operationes

476 1491 669 1570 quoad
716 1492 1129 1564 subtilitatem,
1183 1494 1307 1554 sive
1354 1514 1491 1554 cum
1539 1514 1756 1574 penna,
1813 1497 1936 1555 sive

475 1607 613 1648 cum
641 1589 919 1669 pinze110.

466 1738 473 1743 .
554 1687 627 1746 Et
651 1685 862 1747 deinde
895 1687 1213 1748 dicendum
1239 1701 1329 1749 est
1355 1687 1427 1748 de
1451 1689 1649 1748 azurio
1679 1688 1752 1750 de
1793 1689 1931 1750 Ala·

471 1783 683 1845 mania.
727 1784 1047 1845 Sciendum
1093 1798 1181 1847 est
1228 1784 1466 1867 [quod],
1517 1786 1753 1867 quando
1793 1806 1932 1847 azu-

471 1881 626 1942 rium
673 1879 812 1964 [est]
859 1902 1134 1964 grossum
1181 1897 1240 1944 et
1285 1898 1481 1966 turpe,
1538 1896 1596 1944 et
1626 1884 1748 1944 vis¹
1795 1905 1932 1946 eum

472 1977 789 2055 meliorari,
822 1978 939 2040 hoc
977 1979 1159 2040 modo
1188 1979 1386 2040 facies,
1422 1979 1641 2059 Recipe
1671 1981 1933 2040 azurium

470 2074 542 2135 de
584 2075 911 2153 Alamania,
944 2089 1002 2137 et
1039 2089 1280 2137 contere
1320 2096 1497 2157 super
1537 2074 1817 2155 lapidem,
1867 2091 1933 2138 ut

468 2191 663 2253 supra,
691 2186 978 2254 quantum
1004 2171 1111 2234 tibi
1149 2173 1434 2254 placuerit
1473 2173 1769 2236 subtiliare
1793 2173 1842 2249 ²,
1874 2186 1934 2234 et

467 2267 585 2329 hoc
600 2269 689 2329 fac
708 2290 845 2330 cum
865 2289 1013 2352 aqua
1025 2290 1271 2351 gumme
1292 2284 1702 2351 competenter
1722 2271 1929 2351 spissa,

464 2379 524 2427 et
565 2367 777 2429 deinde
824 2388 981 2450 pone
1029 2370 1089 2429 in
1125 2389 1265 2429 vase
1305 2370 1553 2430 vitreato
1592 2368 1822 2450 amplo,
1873 2382 1932 2429 et

459 2464 639 2526 funde
683 2466 936 2548 desuper
981 2466 1053 2527 de
1092 2486 1241 2550 aqua
1292 2466 1599 2528 communi
1647 2467 1827 2543 cla'ra,
1869 2479 1928 2526 et

463 2562 644 2622 misce
691 2561 864 2639 bene,
911 2575 991 2639 et,
1048 2562 1283 2645 quando
1334 2576 1743 2644 competenter
1787 2563 1927 2623 resi-

522 2711 535 2736 *
571 2712 640 2759 De
659 2713 810 2772 azurio
846 2712 897 2759 de
932 2713 1224 2775 Alamannia,
1246 2714 1360 2776 quod
1385 2719 1447 2760 est
1472 2712 1688 2776 quoddam
1715 2713 1921 2772 azur-ium

455 2797 653 2843 grossum
669 2787 712 2830 et
733 2788 873 2847 turpe,
903 2785 1000 2831 etsi
1027 2785 1110 2844 vis,
1141 2784 1243 2832 Sal.
1274 2783 1537 2832 Alteration
1563 2782 1822 2832 manifeste.

521 2870 540 2895 2
567 2871 819 2932 Samium,
841 2873 934 2920 sal.
