2519 3775
828 528 904 570 DE
949 527 1102 572 ARTE
1144 528 1533 571 ILLUMINANDI
1802 528 1861 569 11
1882 529 1910 569 1,

484 728 580 784 22.
613 721 708 782 Ad
721 720 1104 804 florizandum
1131 720 1194 781 de
1219 720 1414 796 azurio
1441 722 1504 782 de
1530 720 1862 784 Alamania.

516 890 811 972 [R]ecipe¹
839 891 1101 951 azurium
1132 889 1209 950 de
1239 889 1546 951 Alamania
1574 904 1634 952 et
1663 905 1903 952 contere

439 988 838 1059 subtilissime,
869 1001 928 1049 et
957 988 1313 1069 distempera
1333 1008 1467 1049 cum
1486 988 1636 1049 clara
1651 1009 1905 1063 ovorum

433 1088 612 1147 fracta
650 1107 786 1147 cum
825 1088 1094 1168 spongia,
1137 1099 1196 1147 et
1233 1086 1295 1146 in
1339 1107 1452 1168 qua
1481 1086 1632 1147 clara
1669 1088 1744 1149 sit
1787 1087 1900 1148 dis-

436 1185 865 1266 temperatum²
910 1184 1212 1245 modicum
1251 1184 1323 1244 de
1371 1185 1898 1260 torna-ad-solem‚

436 1285 558 1344 sive
612 1282 749 1343 alias
803 1281 1064 1364 peczola,
1120 1295 1180 1343 et
1232 1283 1322 1342 fac
1369 1283 1519 1344 sicut
1576 1282 1648 1344 de
1704 1285 1900 1345 azurio

434 1380 836 1442 ultramarino.
877 1381 1050 1453 Item,
1092 1379 1139 1440 si
1178 1380 1442 1441 azurium
1480 1380 1552 1441 de
1597 1380 1902 1441 Alamania

433 1492 586 1539 esset
625 1492 818 1559 turpe,
868 1491 991 1538 tere
1031 1478 1258 1558 optime
1298 1498 1475 1558 super
1517 1478 1795 1559 lapidem,
1842 1494 1901 1541 et

432 1589 554 1636 tere
585 1597 722 1637 cum
761 1596 834 1636 eo
874 1575 1178 1635 modicum
1217 1575 1289 1635 de
1321 1596 1547 1653 cerusa,
1589 1589 1649 1637 et
1687 1576 1899 1638 deinde

433 1673 789 1755 distempera
826 1672 1094 1734 similiter
1133 1693 1271 1733 cum
1319 1672 1469 1733 clara
1512 1693 1789 1751 ovorum,
1835 1687 1901 1735 ut

432 1791 626 1852 supra,
660 1785 718 1832 et
748 1772 808 1831 in
838 1791 952 1853 qua
980 1771 1055 1831 sit
1083 1769 1369 1831 dissoluta
1393 1770 1466 1831 de
1488 1771 1642 1832 dicta
1661 1772 1901 1853 peczola

432 1867 666 1930 blavea³
692 1867 786 1930 vel
815 1867 1053 1946 violata,
1082 1880 1141 1929 et
1162 1867 1252 1929 fac
1280 1881 1346 1930 ut
1374 1889 1565 1950 supra.

673 2102 770 2161 23.
802 2082 898 2143 Ad
920 2081 1295 2164 florizandum
1331 2063 1645 2146 cindbrium

511 2254 726 2334 Recipe
783 2253 1107 2314 cinabrium
1154 2253 1489 2334 optimum*
1548 2267 1607 2315 et
1661 2268 1902 2316 contere

424 2351 574 2412 bene
604 2372 779 2433 super
806 2351 1064 2433 lapidem
1092 2372 1229 2413 cum
1259 2352 1465 2413 lixivio
1495 2366 1911 2435 competenter

418 2448 576 2526 forti,
605 2462 686 2526 et,
709 2462 1037 2531 postquam
1061 2448 1237 2510 fuerit
1269 2448 1421 2510 bene
1454 2450 1755 2528 molitum,
1780 2451 1905 2511 sine

488 2638 499 2663 ¹
526 2639 699 2702 Accipe,
733 2638 830 2687 Sal.

485 2728 504 2753 ²
533 2729 873 2792 Distemperata‚
900 2727 994 2777 Sal.

486 2817 504 2842 ³
531 2817 715 2876 Blanca,
737 2816 832 2866 Sal.

485 2907 504 2933 ⁴
532 2907 796 2953 Cinabrium
817 2907 993 2968 bonum,
1009 2906 1104 2954 Sal.
