<?xml version="1.0" encoding="UTF-8"?>
<!DOCTYPE html PUBLIC "-//W3C//DTD XHTML 1.0 Transitional//EN"
    "http://www.w3.org/TR/xhtml1/DTD/xhtml1-transitional.dtd">
<html xmlns="http://www.w3.org/1999/xhtml" xml:lang="en" lang="en">
 <head>
  <title>
</title>
<meta http-equiv="Content-Type" content="text/html;charset=utf-8" />
  <meta name='ocr-system' content='tesseract 3.04.00' />
  <meta name='ocr-capabilities' content='ocr_page ocr_carea ocr_par ocr_line ocrx_word'/>
</head>
<body>
  <div class='ocr_page' id='page_1' title='image "./lartdenluminer00itagoog_0129.png"; bbox 0 0 2519 3775; ppageno 0'>
   <div class='ocr_carea' id='block_1_1' title="bbox 837 530 1909 592">
    <p class='ocr_par' dir='ltr' id='par_1_1' title="bbox 837 530 1909 592">
     <span class='ocr_line' id='line_1_1' title="bbox 837 530 1909 592; baseline 0.003 -19"><span class='ocrx_word' id='word_1_1' title='bbox 837 531 914 574; x_wconf 85' lang='lat' dir='ltr'><strong>DE</strong></span> <span class='ocrx_word' id='word_1_2' title='bbox 953 530 1105 574; x_wconf 73' lang='lat' dir='ltr'>ARTE</span> <span class='ocrx_word' id='word_1_3' title='bbox 1145 532 1533 576; x_wconf 79' lang='lat' dir='ltr'><strong>ILLUMINANDI</strong></span> <span class='ocrx_word' id='word_1_4' title='bbox 1801 533 1909 592; x_wconf 89' lang='lat'><strong>119</strong></span> 
     </span>
    </p>
   </div>
   <div class='ocr_carea' id='block_1_2' title="bbox 431 643 1918 2692">
    <p class='ocr_par' dir='ltr' id='par_1_2' title="bbox 431 643 1918 2692">
     <span class='ocr_line' id='line_1_2' title="bbox 447 643 1909 725; baseline 0.004 -22"><span class='ocrx_word' id='word_1_5' title='bbox 447 643 495 702; x_wconf 89' lang='lat' dir='ltr'><strong>si</strong></span> <span class='ocrx_word' id='word_1_6' title='bbox 516 663 666 724; x_wconf 94' lang='lat' dir='ltr'><strong>opus</strong></span> <span class='ocrx_word' id='word_1_7' title='bbox 683 645 812 706; x_wconf 88' lang='lat' dir='ltr'><strong>erit.</strong></span> <span class='ocrx_word' id='word_1_8' title='bbox 841 646 934 722; x_wconf 90' lang='lat' dir='ltr'><strong>Et,</strong></span> <span class='ocrx_word' id='word_1_9' title='bbox 959 646 1007 706; x_wconf 92' lang='lat' dir='ltr'><strong>si</strong></span> <span class='ocrx_word' id='word_1_10' title='bbox 1027 646 1115 706; x_wconf 90' lang='lat' dir='ltr'><strong>vis</strong></span> <span class='ocrx_word' id='word_1_11' title='bbox 1133 645 1323 707; x_wconf 90' lang='lat' dir='ltr'><strong>facere</strong></span> <span class='ocrx_word' id='word_1_12' title='bbox 1344 645 1553 708; x_wconf 87' lang='lat' dir='ltr'><strong>biffum</strong></span> <span class='ocrx_word' id='word_1_13' title='bbox 1571 649 1588 682; x_wconf 87' lang='lat'><strong>¹</strong></span> <span class='ocrx_word' id='word_1_14' title='bbox 1621 648 1909 725; x_wconf 89' lang='lat' dir='ltr'><strong>colorem,</strong></span> 
     </span>
     <span class='ocr_line' id='line_1_3' title="bbox 448 742 1914 827; baseline 0.005 -26"><span class='ocrx_word' id='word_1_15' title='bbox 448 742 507 802; x_wconf 91' lang='lat' dir='ltr'><strong>id</strong></span> <span class='ocrx_word' id='word_1_16' title='bbox 563 755 651 802; x_wconf 91' lang='lat' dir='ltr'><strong>est</strong></span> <span class='ocrx_word' id='word_1_17' title='bbox 704 742 991 804; x_wconf 87' lang='lat' dir='ltr'><strong>violatum</strong></span> <span class='ocrx_word' id='word_1_18' title='bbox 1039 743 1330 822; x_wconf 84' lang='lat' dir='ltr'><strong>colorem,</strong></span> <span class='ocrx_word' id='word_1_19' title='bbox 1380 747 1576 827; x_wconf 84' lang='lat' dir='ltr'><strong>recipe</strong></span> <span class='ocrx_word' id='word_1_20' title='bbox 1624 748 1914 808; x_wconf 89' lang='lat' dir='ltr'><strong>torna-ad·</strong></span> 
     </span>
     <span class='ocr_line' id='line_1_4' title="bbox 449 839 1917 922; baseline 0.005 -23"><span class='ocrx_word' id='word_1_21' title='bbox 449 839 638 901; x_wconf 90' lang='lat' dir='ltr'><strong>solem</strong></span> <span class='ocrx_word' id='word_1_22' title='bbox 678 855 961 903; x_wconf 87' lang='lat' dir='ltr'><strong>mutatam</strong></span> <span class='ocrx_word' id='word_1_23' title='bbox 999 843 1060 903; x_wconf 91' lang='lat' dir='ltr'><strong>in</strong></span> <span class='ocrx_word' id='word_1_24' title='bbox 1103 844 1318 904; x_wconf 91' lang='lat' dir='ltr'><strong>eodem</strong></span> <span class='ocrx_word' id='word_1_25' title='bbox 1350 844 1572 905; x_wconf 84' lang='lat' dir='ltr'><strong>violato</strong></span> <span class='ocrx_word' id='word_1_26' title='bbox 1601 844 1825 922; x_wconf 88' lang='lat' dir='ltr'><strong>colore,</strong></span> <span class='ocrx_word' id='word_1_27' title='bbox 1859 859 1917 906; x_wconf 92' lang='lat' dir='ltr'><strong>et</strong></span> 
     </span>
     <span class='ocr_line' id='line_1_5' title="bbox 446 938 1918 1025; baseline 0.004 -27"><span class='ocrx_word' id='word_1_28' title='bbox 446 938 803 1021; x_wconf 87' lang='lat' dir='ltr'><strong>distempera</strong></span> <span class='ocrx_word' id='word_1_29' title='bbox 844 961 980 1002; x_wconf 87' lang='lat' dir='ltr'><strong>cum</strong></span> <span class='ocrx_word' id='word_1_30' title='bbox 1011 941 1161 1001; x_wconf 88' lang='lat' dir='ltr'><strong>clara</strong></span> <span class='ocrx_word' id='word_1_31' title='bbox 1190 943 1314 1003; x_wconf 88' lang='lat' dir='ltr'><strong>sive</strong></span> <span class='ocrx_word' id='word_1_32' title='bbox 1343 963 1611 1025; x_wconf 85' lang='lat' dir='ltr'><strong>gumma,</strong></span> <span class='ocrx_word' id='word_1_33' title='bbox 1644 957 1703 1005; x_wconf 93' lang='lat' dir='ltr'><strong>et</strong></span> <span class='ocrx_word' id='word_1_34' title='bbox 1732 944 1918 1004; x_wconf 88' lang='lat' dir='ltr'><strong>misce</strong></span> 
     </span>
     <span class='ocr_line' id='line_1_6' title="bbox 447 1040 1917 1123; baseline 0.003 -26"><span class='ocrx_word' id='word_1_35' title='bbox 447 1056 584 1098; x_wconf 91' lang='lat' dir='ltr'><strong>cum</strong></span> <span class='ocrx_word' id='word_1_36' title='bbox 630 1058 855 1116; x_wconf 89' lang='lat' dir='ltr'><strong>cerusa,</strong></span> <span class='ocrx_word' id='word_1_37' title='bbox 904 1053 963 1101; x_wconf 93' lang='lat' dir='ltr'><strong>et</strong></span> <span class='ocrx_word' id='word_1_38' title='bbox 1010 1054 1216 1122; x_wconf 89' lang='lat' dir='ltr'><strong>postea</strong></span> <span class='ocrx_word' id='word_1_39' title='bbox 1256 1040 1346 1102; x_wconf 90' lang='lat' dir='ltr'><strong>fac</strong></span> <span class='ocrx_word' id='word_1_40' title='bbox 1392 1054 1452 1103; x_wconf 93' lang='lat' dir='ltr'><strong>et</strong></span> <span class='ocrx_word' id='word_1_41' title='bbox 1492 1040 1690 1102; x_wconf 91' lang='lat' dir='ltr'><strong>labora</strong></span> <span class='ocrx_word' id='word_1_42' title='bbox 1741 1062 1917 1123; x_wconf 92' lang='lat' dir='ltr'><strong>super</strong></span> 
     </span>
     <span class='ocr_line' id='line_1_7' title="bbox 442 1137 1909 1221; baseline 0.004 -26"><span class='ocrx_word' id='word_1_43' title='bbox 442 1137 696 1215; x_wconf 88' lang='lat' dir='ltr'><strong>primam</strong></span> <span class='ocrx_word' id='word_1_44' title='bbox 761 1139 1170 1199; x_wconf 87' lang='lat' dir='ltr'><strong>investituram</strong></span> <span class='ocrx_word' id='word_1_45' title='bbox 1230 1159 1368 1200; x_wconf 89' lang='lat' dir='ltr'><strong>cum</strong></span> <span class='ocrx_word' id='word_1_46' title='bbox 1431 1159 1576 1220; x_wconf 91' lang='lat' dir='ltr'><strong>pura</strong></span> <span class='ocrx_word' id='word_1_47' title='bbox 1636 1139 1909 1221; x_wconf 75' lang='lat' dir='ltr'><strong>pezola²‚</strong></span> 
     </span>
     <span class='ocr_line' id='line_1_8' title="bbox 443 1233 1913 1319; baseline 0.004 -26"><span class='ocrx_word' id='word_1_48' title='bbox 443 1233 635 1295; x_wconf 88' lang='lat' dir='ltr'><strong>donec</strong></span> <span class='ocrx_word' id='word_1_49' title='bbox 685 1234 791 1295; x_wconf 90' lang='lat' dir='ltr'><strong>tibi</strong></span> <span class='ocrx_word' id='word_1_50' title='bbox 820 1236 1104 1317; x_wconf 88' lang='lat' dir='ltr'><strong>placuerit</strong></span> <span class='ocrx_word' id='word_1_51' title='bbox 1150 1251 1209 1298; x_wconf 91' lang='lat' dir='ltr'><strong>et</strong></span> <span class='ocrx_word' id='word_1_52' title='bbox 1254 1237 1433 1299; x_wconf 86' lang='lat' dir='ltr'><strong>fuerit</strong></span> <span class='ocrx_word' id='word_1_53' title='bbox 1473 1236 1625 1299; x_wconf 90' lang='lat' dir='ltr'><strong>bene</strong></span> <span class='ocrx_word' id='word_1_54' title='bbox 1674 1251 1913 1319; x_wconf 89' lang='lat' dir='ltr'><strong>operata</strong></span> 
     </span>
     <span class='ocr_line' id='line_1_9' title="bbox 444 1330 1911 1416; baseline 0.004 -25"><span class='ocrx_word' id='word_1_55' title='bbox 444 1330 517 1391; x_wconf 88' lang='lat' dir='ltr'><strong>ad</strong></span> <span class='ocrx_word' id='word_1_56' title='bbox 571 1333 1081 1415; x_wconf 89' lang='lat' dir='ltr'><strong>complementum</strong></span> <span class='ocrx_word' id='word_1_57' title='bbox 1134 1336 1352 1416; x_wconf 80' lang='lat' dir='ltr'><strong>operiS.</strong></span> <span class='ocrx_word' id='word_1_58' title='bbox 1407 1337 1579 1409; x_wconf 84' lang='lat' dir='ltr'><strong>Item,</strong></span> <span class='ocrx_word' id='word_1_59' title='bbox 1633 1335 1799 1396; x_wconf 90' lang='lat' dir='ltr'><strong>aliter</strong></span> <span class='ocrx_word' id='word_1_60' title='bbox 1842 1335 1911 1397; x_wconf 92' lang='lat' dir='ltr'><strong>fit</strong></span> 
     </span>
     <span class='ocr_line' id='line_1_10' title="bbox 439 1430 1909 1506; baseline 0.003 -17"><span class='ocrx_word' id='word_1_61' title='bbox 439 1430 691 1492; x_wconf 84' lang='lat' dir='ltr'><strong>violatus</strong></span> <span class='ocrx_word' id='word_1_62' title='bbox 740 1431 927 1506; x_wconf 89' lang='lat' dir='ltr'><strong>color,</strong></span> <span class='ocrx_word' id='word_1_63' title='bbox 971 1432 1246 1494; x_wconf 91' lang='lat' dir='ltr'><strong>videlicet</strong></span> <span class='ocrx_word' id='word_1_64' title='bbox 1288 1453 1426 1494; x_wconf 89' lang='lat' dir='ltr'><strong>cum</strong></span> <span class='ocrx_word' id='word_1_65' title='bbox 1474 1433 1671 1494; x_wconf 88' lang='lat' dir='ltr'><strong>azurio</strong></span> <span class='ocrx_word' id='word_1_66' title='bbox 1723 1434 1909 1494; x_wconf 87' lang='lat' dir='ltr'><strong>mixto</strong></span> 
     </span>
     <span class='ocr_line' id='line_1_11' title="bbox 442 1530 1912 1612; baseline 0.003 -25"><span class='ocrx_word' id='word_1_67' title='bbox 442 1547 579 1588; x_wconf 88' lang='lat' dir='ltr'><strong>cum</strong></span> <span class='ocrx_word' id='word_1_68' title='bbox 598 1549 836 1607; x_wconf 83' lang='lat' dir='ltr'><strong>cerusa3</strong></span> <span class='ocrx_word' id='word_1_69' title='bbox 861 1543 921 1591; x_wconf 93' lang='lat' dir='ltr'><strong>et</strong></span> <span class='ocrx_word' id='word_1_70' title='bbox 943 1530 1152 1592; x_wconf 90' lang='lat' dir='ltr'><strong>umbra</strong></span> <span class='ocrx_word' id='word_1_71' title='bbox 1180 1551 1319 1592; x_wconf 88' lang='lat' dir='ltr'><strong>cum</strong></span> <span class='ocrx_word' id='word_1_72' title='bbox 1347 1545 1576 1592; x_wconf 89' lang='lat' dir='ltr'><strong>rosecta</strong></span> <span class='ocrx_word' id='word_1_73' title='bbox 1603 1544 1912 1612; x_wconf 90' lang='lat' dir='ltr'><strong>corporata</strong></span> 
     </span>
     <span class='ocr_line' id='line_1_12' title="bbox 439 1626 1912 1708; baseline 0.003 -23"><span class='ocrx_word' id='word_1_74' title='bbox 439 1626 535 1686; x_wconf 91' lang='lat' dir='ltr'><strong>vel</strong></span> <span class='ocrx_word' id='word_1_75' title='bbox 583 1627 708 1688; x_wconf 88' lang='lat' dir='ltr'><strong>sine</strong></span> <span class='ocrx_word' id='word_1_76' title='bbox 752 1648 1024 1708; x_wconf 87' lang='lat' dir='ltr'><strong>corpore,</strong></span> <span class='ocrx_word' id='word_1_77' title='bbox 1076 1642 1135 1689; x_wconf 90' lang='lat' dir='ltr'><strong>et</strong></span> <span class='ocrx_word' id='word_1_78' title='bbox 1181 1628 1333 1689; x_wconf 90' lang='lat' dir='ltr'><strong>bene</strong></span> <span class='ocrx_word' id='word_1_79' title='bbox 1375 1630 1506 1691; x_wconf 91' lang='lat' dir='ltr'><strong>erit.</strong></span> <span class='ocrx_word' id='word_1_80' title='bbox 1542 1631 1713 1704; x_wconf 91' lang='lat' dir='ltr'><strong>Item,</strong></span> <span class='ocrx_word' id='word_1_81' title='bbox 1744 1629 1813 1690; x_wconf 91' lang='lat' dir='ltr'><strong>fit</strong></span> <span class='ocrx_word' id='word_1_82' title='bbox 1841 1648 1912 1690; x_wconf 87' lang='lat' dir='ltr'><strong>ex</strong></span> 
     </span>
     <span class='ocr_line' id='line_1_13' title="bbox 442 1724 1910 1803; baseline 0.002 -20"><span class='ocrx_word' id='word_1_83' title='bbox 442 1724 680 1785; x_wconf 92' lang='lat' dir='ltr'><strong>modico</strong></span> <span class='ocrx_word' id='word_1_84' title='bbox 724 1726 921 1786; x_wconf 88' lang='lat' dir='ltr'><strong>indico</strong></span> <span class='ocrx_word' id='word_1_85' title='bbox 952 1739 1011 1787; x_wconf 93' lang='lat' dir='ltr'><strong>et</strong></span> <span class='ocrx_word' id='word_1_86' title='bbox 1044 1727 1181 1787; x_wconf 91' lang='lat' dir='ltr'><strong>satis</strong></span> <span class='ocrx_word' id='word_1_87' title='bbox 1215 1727 1289 1787; x_wconf 93' lang='lat' dir='ltr'><strong>de</strong></span> <span class='ocrx_word' id='word_1_88' title='bbox 1323 1725 1458 1787; x_wconf 91' lang='lat' dir='ltr'><strong>albo</strong></span> <span class='ocrx_word' id='word_1_89' title='bbox 1494 1747 1632 1787; x_wconf 93' lang='lat' dir='ltr'><strong>cum</strong></span> <span class='ocrx_word' id='word_1_90' title='bbox 1659 1740 1910 1803; x_wconf 88' lang='lat' dir='ltr'><strong>rosecta‚</strong></span> 
     </span>
     <span class='ocr_line' id='line_1_14' title="bbox 441 1821 1914 1896; baseline 0.003 -15"><span class='ocrx_word' id='word_1_91' title='bbox 441 1835 499 1882; x_wconf 93' lang='lat' dir='ltr'><strong>et</strong></span> <span class='ocrx_word' id='word_1_92' title='bbox 528 1821 678 1883; x_wconf 91' lang='lat' dir='ltr'><strong>bene</strong></span> <span class='ocrx_word' id='word_1_93' title='bbox 708 1837 818 1886; x_wconf 89' lang='lat' dir='ltr'><strong>est.</strong></span> <span class='ocrx_word' id='word_1_94' title='bbox 864 1825 1034 1896; x_wconf 89' lang='lat' dir='ltr'><strong>Item,</strong></span> <span class='ocrx_word' id='word_1_95' title='bbox 1074 1844 1286 1885; x_wconf 91' lang='lat' dir='ltr'><strong>omnes</strong></span> <span class='ocrx_word' id='word_1_96' title='bbox 1315 1824 1547 1885; x_wconf 89' lang='lat' dir='ltr'><strong>colores</strong></span> <span class='ocrx_word' id='word_1_97' title='bbox 1578 1825 1746 1886; x_wconf 84' lang='lat' dir='ltr'><strong>mixti</strong></span> <span class='ocrx_word' id='word_1_98' title='bbox 1776 1844 1914 1885; x_wconf 89' lang='lat' dir='ltr'><strong>cum</strong></span> 
     </span>
     <span class='ocr_line' id='line_1_15' title="bbox 440 1923 1910 2003; baseline 0.002 -22"><span class='ocrx_word' id='word_1_99' title='bbox 440 1941 641 1982; x_wconf 91' lang='lat' dir='ltr'><strong>cerusa</strong></span> <span class='ocrx_word' id='word_1_100' title='bbox 661 1937 911 2003; x_wconf 85' lang='lat' dir='ltr'><strong>possunt</strong></span> <span class='ocrx_word' id='word_1_101' title='bbox 936 1936 994 1984; x_wconf 91' lang='lat' dir='ltr'><strong>et</strong></span> <span class='ocrx_word' id='word_1_102' title='bbox 1015 1923 1233 1985; x_wconf 91' lang='lat' dir='ltr'><strong>debent</strong></span> <span class='ocrx_word' id='word_1_103' title='bbox 1253 1923 1511 1984; x_wconf 79' lang='lat' dir='ltr'><strong>umbrati</strong></span> <span class='ocrx_word' id='word_1_104' title='bbox 1536 1924 1597 1984; x_wconf 89' lang='lat' dir='ltr'><strong>in</strong></span> <span class='ocrx_word' id='word_1_105' title='bbox 1625 1923 1743 1984; x_wconf 91' lang='lat' dir='ltr'><strong>fine</strong></span> <span class='ocrx_word' id='word_1_106' title='bbox 1774 1944 1910 1984; x_wconf 89' lang='lat' dir='ltr'><strong>cum</strong></span> 
     </span>
     <span class='ocr_line' id='line_1_16' title="bbox 435 2019 1906 2099; baseline 0.001 -20"><span class='ocrx_word' id='word_1_107' title='bbox 435 2038 586 2099; x_wconf 90' lang='lat' dir='ltr'><strong>puro</strong></span> <span class='ocrx_word' id='word_1_108' title='bbox 617 2019 816 2081; x_wconf 92' lang='lat' dir='ltr'><strong>colore</strong></span> <span class='ocrx_word' id='word_1_109' title='bbox 848 2041 969 2081; x_wconf 91' lang='lat' dir='ltr'><strong>non</strong></span> <span class='ocrx_word' id='word_1_110' title='bbox 991 2022 1177 2081; x_wconf 82' lang='lat' dir='ltr'><strong>mixto</strong></span> <span class='ocrx_word' id='word_1_111' title='bbox 1207 2041 1345 2082; x_wconf 87' lang='lat' dir='ltr'><strong>cum</strong></span> <span class='ocrx_word' id='word_1_112' title='bbox 1366 2020 1523 2083; x_wconf 79' lang='lat' dir='ltr'><strong>albo,</strong></span> <span class='ocrx_word' id='word_1_113' title='bbox 1549 2023 1622 2082; x_wconf 92' lang='lat' dir='ltr'><strong>Et</strong></span> <span class='ocrx_word' id='word_1_114' title='bbox 1643 2022 1906 2082; x_wconf 90' lang='lat' dir='ltr'><strong>azurium</strong></span> 
     </span>
     <span class='ocr_line' id='line_1_17' title="bbox 436 2120 1907 2201; baseline 0.001 -22"><span class='ocrx_word' id='word_1_115' title='bbox 436 2132 634 2199; x_wconf 91' lang='lat' dir='ltr'><strong>potest</strong></span> <span class='ocrx_word' id='word_1_116' title='bbox 661 2122 1028 2201; x_wconf 85' lang='lat' dir='ltr'><strong>augmentari</strong></span> <span class='ocrx_word' id='word_1_117' title='bbox 1067 2123 1128 2182; x_wconf 90' lang='lat' dir='ltr'><strong>in</strong></span> <span class='ocrx_word' id='word_1_118' title='bbox 1153 2121 1355 2183; x_wconf 89' lang='lat' dir='ltr'><strong>colore</strong></span> <span class='ocrx_word' id='word_1_119' title='bbox 1385 2122 1447 2181; x_wconf 91' lang='lat' dir='ltr'><strong>in</strong></span> <span class='ocrx_word' id='word_1_120' title='bbox 1477 2120 1687 2182; x_wconf 87' lang='lat' dir='ltr'><strong>ultima</strong></span> <span class='ocrx_word' id='word_1_121' title='bbox 1717 2134 1907 2181; x_wconf 86' lang='lat' dir='ltr'><strong>extre-</strong></span> 
     </span>
     <span class='ocr_line' id='line_1_18' title="bbox 440 2217 1907 2280; baseline 0.001 -3"><span class='ocrx_word' id='word_1_122' title='bbox 440 2218 641 2278; x_wconf 91' lang='lat' dir='ltr'><strong>mitate</strong></span> <span class='ocrx_word' id='word_1_123' title='bbox 673 2217 881 2279; x_wconf 90' lang='lat' dir='ltr'><strong>umbre</strong></span> <span class='ocrx_word' id='word_1_124' title='bbox 912 2240 1050 2280; x_wconf 93' lang='lat' dir='ltr'><strong>cum</strong></span> <span class='ocrx_word' id='word_1_125' title='bbox 1089 2220 1329 2280; x_wconf 92' lang='lat' dir='ltr'><strong>modico</strong></span> <span class='ocrx_word' id='word_1_126' title='bbox 1359 2219 1432 2280; x_wconf 93' lang='lat' dir='ltr'><strong>de</strong></span> <span class='ocrx_word' id='word_1_127' title='bbox 1460 2239 1595 2280; x_wconf 88' lang='lat' dir='ltr'><strong>rosa</strong></span> <span class='ocrx_word' id='word_1_128' title='bbox 1624 2220 1748 2279; x_wconf 92' lang='lat' dir='ltr'><strong>sine</strong></span> <span class='ocrx_word' id='word_1_129' title='bbox 1775 2238 1907 2279; x_wconf 88' lang='lat' dir='ltr'><strong>cor-</strong></span> 
     </span>
     <span class='ocr_line' id='line_1_19' title="bbox 434 2309 1901 2398; baseline 0 -23"><span class='ocrx_word' id='word_1_130' title='bbox 434 2334 602 2395; x_wconf 89' lang='lat' dir='ltr'><strong>pore,</strong></span> <span class='ocrx_word' id='word_1_131' title='bbox 622 2335 759 2377; x_wconf 88' lang='lat' dir='ltr'><strong>cum</strong></span> <span class='ocrx_word' id='word_1_132' title='bbox 776 2336 891 2398; x_wconf 88' lang='lat' dir='ltr'><strong>qua</strong></span> <span class='ocrx_word' id='word_1_133' title='bbox 909 2309 1212 2384; x_wconf 78' lang='lat' dir='ltr'><strong>umbratur</strong></span> <span class='ocrx_word' id='word_1_134' title='bbox 1228 2330 1459 2377; x_wconf 89' lang='lat' dir='ltr'><strong>rosecta</strong></span> <span class='ocrx_word' id='word_1_135' title='bbox 1478 2329 1537 2377; x_wconf 92' lang='lat' dir='ltr'><strong>et</strong></span> <span class='ocrx_word' id='word_1_136' title='bbox 1553 2314 1901 2392; x_wconf 85' lang='lat' dir='ltr'><strong>cinabrium3</strong></span> 
     </span>
     <span class='ocr_line' id='line_1_20' title="bbox 434 2412 1905 2497; baseline 0.001 -25"><span class='ocrx_word' id='word_1_137' title='bbox 434 2426 492 2473; x_wconf 93' lang='lat' dir='ltr'><strong>et</strong></span> <span class='ocrx_word' id='word_1_138' title='bbox 521 2412 617 2474; x_wconf 91' lang='lat' dir='ltr'><strong>illa</strong></span> <span class='ocrx_word' id='word_1_139' title='bbox 662 2434 797 2474; x_wconf 88' lang='lat' dir='ltr'><strong>rosa</strong></span> <span class='ocrx_word' id='word_1_140' title='bbox 841 2415 1191 2495; x_wconf 89' lang='lat' dir='ltr'><strong>incorporea</strong></span> <span class='ocrx_word' id='word_1_141' title='bbox 1228 2429 1318 2476; x_wconf 88' lang='lat' dir='ltr'><strong>est</strong></span> <span class='ocrx_word' id='word_1_142' title='bbox 1348 2415 1513 2497; x_wconf 90' lang='lat' dir='ltr'><strong>quasi</strong></span> <span class='ocrx_word' id='word_1_143' title='bbox 1568 2414 1905 2475; x_wconf 90' lang='lat' dir='ltr'><strong>communis</strong></span> 
     </span>
     <span class='ocr_line' id='line_1_21' title="bbox 431 2510 1904 2586; baseline 0 -16"><span class='ocrx_word' id='word_1_144' title='bbox 431 2524 490 2571; x_wconf 91' lang='lat' dir='ltr'><strong>et</strong></span> <span class='ocrx_word' id='word_1_145' title='bbox 532 2512 875 2573; x_wconf 89' lang='lat' dir='ltr'><strong>universalis</strong></span> <span class='ocrx_word' id='word_1_146' title='bbox 929 2511 1137 2574; x_wconf 89' lang='lat' dir='ltr'><strong>umbra</strong></span> <span class='ocrx_word' id='word_1_147' title='bbox 1184 2512 1256 2572; x_wconf 91' lang='lat' dir='ltr'><strong>ad</strong></span> <span class='ocrx_word' id='word_1_148' title='bbox 1304 2532 1515 2573; x_wconf 91' lang='lat' dir='ltr'><strong>omnes</strong></span> <span class='ocrx_word' id='word_1_149' title='bbox 1562 2510 1816 2586; x_wconf 87' lang='lat' dir='ltr'><strong>colores,</strong></span> <span class='ocrx_word' id='word_1_150' title='bbox 1845 2523 1904 2571; x_wconf 91' lang='lat' dir='ltr'><strong>et</strong></span> 
     </span>
     <span class='ocr_line' id='line_1_22' title="bbox 431 2609 1899 2692; baseline 0.001 -25"><span class='ocrx_word' id='word_1_151' title='bbox 431 2609 700 2671; x_wconf 90' lang='lat' dir='ltr'><strong>similiter</strong></span> <span class='ocrx_word' id='word_1_152' title='bbox 759 2611 922 2692; x_wconf 90' lang='lat' dir='ltr'><strong>quasi</strong></span> <span class='ocrx_word' id='word_1_153' title='bbox 969 2611 1106 2671; x_wconf 87' lang='lat' dir='ltr'><strong>facit</strong></span> <span class='ocrx_word' id='word_1_154' title='bbox 1145 2610 1386 2692; x_wconf 89' lang='lat' dir='ltr'><strong>peczola</strong></span> <span class='ocrx_word' id='word_1_155' title='bbox 1433 2609 1670 2671; x_wconf 87' lang='lat' dir='ltr'><strong>violata.</strong></span> <span class='ocrx_word' id='word_1_156' title='bbox 1725 2609 1899 2685; x_wconf 89' lang='lat' dir='ltr'><strong>Item,</strong></span> 
     </span>
    </p>
   </div>
   <div class='ocr_carea' id='block_1_3' title="bbox 431 2761 1902 2985">
    <p class='ocr_par' dir='ltr' id='par_1_3' title="bbox 431 2761 1902 2985">
     <span class='ocr_line' id='line_1_23' title="bbox 498 2761 855 2845; baseline 0.003 -26"><span class='ocrx_word' id='word_1_157' title='bbox 498 2761 517 2797; x_wconf 57' lang='lat'><strong>¹&#39;</strong></span> <span class='ocrx_word' id='word_1_158' title='bbox 537 2772 732 2833; x_wconf 83' lang='lat' dir='ltr'><strong>Bissum,</strong></span> <span class='ocrx_word' id='word_1_159' title='bbox 761 2772 855 2845; x_wconf 61' lang='lat' dir='ltr'><strong>Sal.</strong></span> 
     </span>
     <span class='ocr_line' id='line_1_24' title="bbox 491 2850 1902 2915; baseline -0.001 -17"><span class='ocrx_word' id='word_1_160' title='bbox 491 2851 510 2876; x_wconf 80' lang='lat'><em>²</em></span> <span class='ocrx_word' id='word_1_161' title='bbox 539 2852 729 2910; x_wconf 68' lang='lat' dir='ltr'><strong>Peczola‚</strong></span> <span class='ocrx_word' id='word_1_162' title='bbox 769 2853 862 2900; x_wconf 89' lang='lat' dir='ltr'><strong>Sal.</strong></span> <span class='ocrx_word' id='word_1_163' title='bbox 904 2852 972 2899; x_wconf 91' lang='lat' dir='ltr'><strong>Ce</strong></span> <span class='ocrx_word' id='word_1_164' title='bbox 1004 2867 1192 2915; x_wconf 83' lang='lat' dir='ltr'><strong>passage</strong></span> <span class='ocrx_word' id='word_1_165' title='bbox 1232 2866 1410 2914; x_wconf 89' lang='lat' dir='ltr'><strong>prouve</strong></span> <span class='ocrx_word' id='word_1_166' title='bbox 1438 2865 1529 2913; x_wconf 90' lang='lat' dir='ltr'><strong>que</strong></span> <span class='ocrx_word' id='word_1_167' title='bbox 1569 2850 1613 2897; x_wconf 86' lang='lat' dir='ltr'><strong>la</strong></span> <span class='ocrx_word' id='word_1_168' title='bbox 1645 2850 1793 2913; x_wconf 66' lang='lat' dir='ltr'><strong>pezola</strong></span> <span class='ocrx_word' id='word_1_169' title='bbox 1831 2860 1902 2896; x_wconf 88' lang='lat' dir='ltr'><strong>est</strong></span> 
     </span>
     <span class='ocr_line' id='line_1_25' title="bbox 431 2921 1742 2985; baseline -0.002 -16"><span class='ocrx_word' id='word_1_170' title='bbox 431 2924 539 2969; x_wconf 84' lang='lat' dir='ltr'><strong>bien</strong></span> <span class='ocrx_word' id='word_1_171' title='bbox 570 2924 613 2969; x_wconf 84' lang='lat' dir='ltr'><strong>la</strong></span> <span class='ocrx_word' id='word_1_172' title='bbox 640 2924 790 2970; x_wconf 69' lang='lat' dir='ltr'><strong>meme</strong></span> <span class='ocrx_word' id='word_1_173' title='bbox 821 2925 961 2970; x_wconf 87' lang='lat' dir='ltr'><strong>chose</strong></span> <span class='ocrx_word' id='word_1_174' title='bbox 980 2939 1071 2985; x_wconf 87' lang='lat' dir='ltr'><strong>que</strong></span> <span class='ocrx_word' id='word_1_175' title='bbox 1096 2923 1139 2970; x_wconf 88' lang='lat' dir='ltr'><strong>le</strong></span> <span class='ocrx_word' id='word_1_176' title='bbox 1166 2921 1409 2970; x_wconf 88' lang='lat' dir='ltr'><strong>tournesol</strong></span> <span class='ocrx_word' id='word_1_177' title='bbox 1438 2922 1501 2970; x_wconf 89' lang='lat' dir='ltr'><strong>V.</strong></span> <span class='ocrx_word' id='word_1_178' title='bbox 1529 2938 1643 2985; x_wconf 85' lang='lat' dir='ltr'><strong>page</strong></span> <span class='ocrx_word' id='word_1_179' title='bbox 1667 2936 1742 2974; x_wconf 82' lang='lat'><strong>21.</strong></span> 
     </span>
    </p>
   </div>
  </div>
 </body>
</html>
