2519 3775
825 505 901 546 DE
941 503 1091 548 ARTE
1131 506 1520 549 ILLUMINANDI
1823 507 1894 567 91

444 752 536 811 13.
570 734 656 793 De
672 730 842 793 colore
881 730 1070 792 brasili
1110 730 1318 814 liquido
1351 738 1402 793 et
1437 732 1552 794 sine
1583 742 1798 815 corpore
1829 732 1905 793 ad

777 828 1095 915 faciendum
1125 828 1543 890 umbraturam.

516 986 787 1068 [R]ecipe
816 986 1249 1068 ligni.predicti
1289 1000 1580 1068 quantum
1621 987 1904 1066 volueri3‚

436 1103 633 1145 rasum
657 1097 724 1144 ut
743 1104 938 1164 supra,
971 1096 1030 1144 et
1059 1084 1107 1143 si
1137 1081 1319 1143 habes
1345 1083 1417 1143 de
1444 1102 1626 1164 grana
1645 1085 1907 1165 predicta

437 1196 497 1243 et
523 1181 613 1243 vis
637 1201 884 1262 ponere,
916 1201 1103 1261 ponas
1127 1205 1143 1258 ;
1177 1183 1269 1241 sin
1298 1195 1520 1258 autem,
1563 1183 1908 1264 simpliciter

435 1279 526 1340 fac
553 1280 625 1343 de
647 1278 841 1338 brasili
868 1280 1001 1339 etin
1024 1298 1160 1339 vase
1180 1279 1453 1355 vitream,
1487 1292 1546 1340 et
1575 1300 1908 1361 superpone

439 1377 513 1438 de
556 1375 708 1437 clara
759 1395 1015 1437 ovorum
1061 1375 1212 1437 bene
1254 1375 1434 1437 fracta
1479 1396 1617 1437 cum
1664 1378 1913 1458 spongia

439 1474 682 1550 marina,
715 1473 878 1555 quod
903 1473 1052 1534 bene
1083 1475 1387 1554 cooperiat
1417 1474 1642 1535 dictum
1672 1473 1908 1551 brasile‚

441 1586 501 1633 et
529 1569 703 1633 sucus
723 1572 848 1652 ejus
877 1591 982 1653 per
1004 1572 1257 1632 modum
1276 1571 1736 1633 mollificationis
1754 1571 1906 1633 bene

439 1668 794 1745 extrahatur,
822 1682 883 1730 et
909 1670 1197 1750 permicte
1227 1682 1378 1729 stare
1407 1689 1546 1731 cum
1574 1669 1727 1730 dicta
1755 1669 1907 1730 clara

442 1785 696 1827 ovorum
720 1786 825 1848 per
851 1765 1000 1826 duos
1029 1765 1125 1826 vel
1167 1780 1286 1827 tres
1329 1766 1452 1827 dies
1475 1766 1518 1831 ¹.
1572 1769 1643 1827 Et
1701 1766 1915 1827 deinde

441 1863 654 1926 habeas
685 1864 989 1926 modicum
1020 1863 1092 1925 de
1142 1863 1402 1926 alumine
1426 1863 1777 1926 zuccharino
1805 1864 1902 1927 vel

442 1962 515 2023 de
543 1961 780 2039 roccha,
801 1962 1096 2037 videlicet,
1122 1962 1196 2023 ad
1224 1962 1481 2023 mediam
1509 1963 1769 2039 unciam,
1802 1962 1914 2044 [et]

443 2058 639 2121 brasili
692 2059 765 2121 ad
828 2061 1214 2142 quantitatem
1280 2060 1535 2121 duorum
1591 2080 1913 2141 granorum

443 2157 856 2219 communium
882 2156 1170 2233 fabarum,
1201 2156 1298 2217 vel
1335 2157 1516 2218 trium
1545 2156 1615 2217 ad
1641 2155 1799 2238 pluS‚
1855 2170 1917 2219 et

441 2254 671 2316 resolve
700 2255 761 2315 in
785 2272 935 2336 aqua
961 2239 1290 2336 gummata,
1322 2267 1382 2315 et
1421 2254 1745 2315 commisce
1770 2274 1909 2315 cum

504 2455 520 2482 ¹
549 2456 788 2504 L'editeur
814 2471 840 2503 a
862 2471 926 2503 vu
955 2456 1000 2503 Ῑέι
1017 2456 1142 2504 deux
1168 2457 1402 2504 membres
1428 2456 1486 2503 de
1510 2456 1675 2519 phrase
1699 2467 1917 2519 transpo-

442 2526 514 2572 ses
535 2538 581 2574 et
607 2542 804 2590 propose
832 2528 890 2574 de
919 2527 1005 2575 lire
1026 2528 1146 2574 ainsi
1170 2540 1182 2575 ε
1217 2527 1283 2575 Et
1303 2527 1513 2589 permicte
1540 2531 1655 2573 stare
1682 2541 1781 2572 cum
1800 2526 1922 2573 dicta

441 2597 564 2643 clara
575 2613 757 2644 ovorum
766 2606 847 2660 per
869 2597 973 2644 duos
991 2597 1060 2644 vel
1089 2602 1173 2645 tres
1190 2597 1296 2654 dies,
1321 2602 1365 2646 et
1388 2612 1512 2643 sucus
1535 2596 1626 2658 ejus
1638 2604 1719 2658 per
1740 2596 1920 2642 mod'um

442 2667 781 2730 ηιοῑῑξίὶεαίὶοηίς
825 2668 923 2715 bene
962 2669 1241 2716 extrahatur.
1292 2669 1429 2715 Cette
1465 2668 1723 2715 correction
1753 2682 1812 2713 ne
1840 2682 1917 2713 me

442 2738 589 2799 parait
624 2753 704 2801 pas
747 2739 1021 2800 necessaire,
1063 2750 1128 2797 et,
1168 2738 1422 2795 d'ailleurs,
1462 2738 1505 2786 le
1546 2748 1647 2784 mot
1683 2737 1793 2799 ejus,
1833 2739 1917 2800 qui

441 2822 490 2854 se
518 2820 730 2871 rapporte
752 2810 778 2856 ἐι
800 2809 970 2868 brasile,
999 2810 1098 2857 s’en
1128 2811 1384 2857 trouverait
1407 2809 1526 2856 ainsi
1545 2808 1785 2871 beaucoup
1809 2818 1916 2870 trop

440 2876 652 2942 eloigne.
