2519 3775
794 533 870 574 DE
911 532 1061 576 ARTE
1103 504 1494 578 ummmmm
1797 537 1867 598 95

405 647 477 704 Et
505 656 647 705 nota
677 644 860 727 quod,
894 647 941 705 si
965 645 1210 707 haberet
1232 647 1488 708 multum
1517 649 1589 710 de
1610 663 1875 731 tempera

403 754 503 803 aut
554 742 753 819 melle,
809 742 898 805 fac
949 730 1282 805 remedium
1328 746 1611 825 ponendo
1662 767 1874 829 aquam

404 838 640 900 dulcem
670 859 1055 901 communem
1098 861 1274 923 super
1305 862 1435 903 eam
1477 844 1538 904 in
1566 863 1702 905 vase
1747 845 1873 905 sine

405 951 598 1014 motu,
629 951 690 999 et
730 937 1015 1000 efficietur
1043 939 1305 1000 melioris
1334 943 1788 1021 temperamenti
1826 944 1873 1002 si

400 1048 514 1096 stat
563 1054 670 1116 per
740 1035 979 1117 aliquod
1036 1038 1318 1117 spatium,
1377 1050 1435 1098 et
1483 1039 1872 1118 postmodum

396 1133 757 1213 prohiciatur
784 1154 933 1216 aqua
960 1135 1138 1195 etiam
1167 1136 1294 1196 sine
1324 1149 1514 1197 motu.
1547 1137 1642 1213 Et,
1675 1136 1723 1196 si
1768 1138 1864 1197 in-

396 1229 618 1312 digeat¹
648 1245 913 1313 tempera
934 1228 1184 1308 fortiori,
1218 1252 1375 1314 pone
1404 1232 1537 1313 plus
1576 1233 1648 1294 de
1687 1234 1859 1311 colla,

396 1329 617 1391 scilicet
645 1349 794 1412 aqua
817 1330 956 1390 sua²
985 1344 1083 1391 aut
1113 1330 1185 1391 de
1213 1350 1361 1412 aqua
1381 1331 1596 1408 mellis,
1616 1332 1663 1391 si
1690 1332 1866 1393 fuerit

394 1445 565 1508 opus»,
598 1428 678 1488 ita
714 1428 875 1509 quod
929 1427 1035 1488 tibi
1066 1428 1293 1508 placeat
1331 1429 1594 1490 materia.
1625 1430 1697 1490 Et
1726 1430 1861 1511 quia

392 1524 454 1583 in
481 1523 599 1585 hoc
628 1525 814 1606 magis
843 1524 997 1586 valet
1034 1526 1253 1606 pratica
1299 1544 1477 1608 quam
1516 1526 1729 1607 scripta
1756 1526 1860 1587 do-

390 1635 687 1699 cumenta,
720 1622 939 1683 idcirco
971 1642 1093 1682 non
1122 1642 1266 1683 curo
1296 1623 1717 1703 particulariter
1742 1644 1858 1705 que

390 1719 581 1797 sentio
625 1719 932 1800 explanare
959 1743 975 1796 3
1007 1721 1255 1800 sapienti
1285 1740 1491 1800 pauca,
1514 1732 1628 1780 etc.

762 1948 851 2009 15.
887 1934 973 1993 De
1000 1933 1154 1993 modo
1182 1932 1372 1994 utendi
1397 1952 1479 1995 ea.

465 2084 856 2168 [N]otandum
894 2100 982 2147 est
1011 2086 1193 2169 quod,
1226 2086 1462 2169 quando
1497 2085 1689 2148 littere
1727 2087 1851 2147 sive

379 2181 519 2243 folia
545 2196 643 2244 aut
670 2184 956 2264 imagines
985 2185 1045 2244 in
1075 2195 1229 2244 carta
1269 2183 1487 2244 fuerint
1524 2182 1848 2263 designate,

370 2280 444 2341 *in
472 2280 618 2341 locis
643 2280 745 2342 ubi
774 2301 984 2341 aurum
1029 2282 1173 2362 poni
1212 2280 1387 2342 debet
1417 2282 1624 2362 inungi
1675 2279 1852 2342 debet

382 2397 521 2439 cum
557 2377 744 2439 frusto
800 2377 952 2439 colle
991 2377 1247 2439 cerbune
1293 2391 1392 2439 aut
1437 2380 1690 2459 piscium
1731 2377 1850 2439 hoc

383 2475 590 2552 mod0,
621 2475 896 2537 videlicet
927 2475 1365 2536 madefaciendo
1410 2474 1664 2537 fi‘ustum
1694 2475 1847 2536 illius

382 2572 534 2634 colle
558 2573 619 2633 in
639 2593 766 2650 ore,
797 2573 1017 2654 gejuno
1048 2585 1316 2634 stomaco
1364 2573 1458 2634 vel
1483 2586 1621 2654 post
1648 2573 1847 2653 diges-

432 2750 457 2775 ·⁴
489 2750 730 2812 Indigeret,
756 2749 852 2798 Sal.

439 2838 458 2864 ⁸
486 2839 721 2888 Pentetre
744 2838 895 2887 faut-il
918 2839 1004 2885 lire
1023 2839 1082 2885 ici
1097 2853 1212 2901 aqua
1230 2838 1443 2897 succhari,
1469 2851 1653 2884 comme
1673 2835 1715 2883 le
1735 2850 1842 2898 pro-

377 2926 489 2975 pose
506 2911 724 2959 l'editeur
751 2911 930 2959 italien.
