2519 3775
832 510 907 550 DE
949 510 1098 552 ARTE
1141 510 1526 554 ILLUMINANDI
1831 512 1898 571 71

441 642 512 683 ex
562 625 767 704 prunis
803 644 917 705 que
955 624 1272 705 vulgariter
1328 642 1743 708 nuncupantur
1771 648 1908 709 pru-

435 721 763 801 gnameroli
779 729 796 763 ¹
825 736 883 783 et
905 724 1277 803 reperiuntur
1291 735 1561 805 tempore
1585 726 1909 787 vindemia-

438 839 572 879 rum
611 818 770 901 juxta
823 840 994 901 sepes
1043 821 1395 897 vinearum3
1439 837 1497 884 et
1533 822 1700 885 aliter
1728 825 1906 885 etiam

437 916 505 978 fit
525 937 595 978 ex
612 916 857 979 floribus
873 917 1138 986 liliorum
1167 921 1543 982 azurinorum
1559 921 1580 955 ²
1593 968 1606 983 .

522 1150 579 1193 2.
612 1133 698 1193 De
726 1131 1111 1194 bittuminibus
1136 1133 1211 1193 ad
1231 1133 1545 1216 ponendum
1573 1154 1802 1196 aurum.

519 1300 893 1383 [B]ittumina
911 1302 983 1363 ad
1002 1303 1350 1384 ponendum
1370 1324 1578 1365 aurum
1607 1320 1744 1367 sunt
1768 1304 1902 1384 hec,

437 1400 730 1469 videlicet,
765 1401 915 1461 colla
964 1401 1206 1462 cirbuna
1237 1403 1259 1437 ³
1290 1417 1389 1464 aut
1432 1417 1745 1481 cartarum,
1799 1426 1904 1466 seu

437 1499 713 1579 piscium,
745 1513 805 1561 et
833 1498 947 1560 hiis
978 1501 1211 1564 similia.

446 1729 498 1788 3.
539 1712 626 1772 De
660 1711 819 1795 aquis
840 1732 981 1774 ,cum
1031 1712 1231 1795 quibus
1293 1719 1666 1797 temperantur
1709 1713 1914 1784 colores,

823 1811 895 1872 ad
917 1811 1229 1896 ponendum
1257 1811 1319 1874 in
1349 1820 1523 1874 carta.

517 1968 739 2056 [A]que
766 1994 910 2035 vero
939 1995 1076 2036 curn
1105 1975 1318 2057 quibus
1339 1990 1643 2056 ponuntur
1671 1976 1904 2037 colores

439 2085 576 2133 sunt
599 2070 733 2148 hec,
765 2073 1061 2150 videlicet,
1094 2093 1349 2135 ovorum
1377 2074 1726 2155 gallinarum
1752 2075 1905 2135 clara

438 2183 497 2230 et
523 2170 722 2232 vitella
757 2191 988 2249 eorum,
1015 2192 1259 2254 gumme
1308 2173 1533 2234 arabice
1564 2187 1623 2235 et
1658 2193 1921 2254 gumme,

418 2266 701 2350 .draganti
730 2269 751 2303 ⁸
786 2289 922 2330 cum
950 2290 1098 2352 aqua
1133 2292 1278 2352 pura
1305 2271 1484 2332 fontis
1514 2271 1794 2333 resolute.
1831 2272 1903 2332 Et

499 2481 515 2508 ¹
546 2484 719 2548 Espece
754 2485 812 2532 de
835 2485 1046 2548 prunelle
1077 2486 1168 2533 fort
1191 2500 1447 2533 commune
1473 2501 1563 2532 aux
1596 2485 1819 2532 environs
1847 2486 1906 2533 de

439 2553 608 2615 Rome,
630 2571 814 2604 comme
837 2571 901 2603 on
920 2556 963 2603 le
983 2558 1084 2603 voit
1115 2572 1195 2619 par
1214 2557 1257 2603 le
1278 2560 1332 2603 11⁰
1363 2571 1436 2604 11.
1469 2557 1531 2604 V.
1567 2571 1682 2619 page
1706 2557 1794 2605 26.

499 2641 518 2668 ²
546 2644 651 2705 Iris,
676 2645 836 2708 appele
863 2647 985 2693 aussi
1015 2645 1072 2692 lis
1092 2645 1218 2694 bleu.
1236 2646 1302 2693 V.
1329 2661 1469 2709 pages
1494 2645 1571 2702 26,
1595 2661 1671 2708 27.

501 2733 519 2758 ⁸
544 2733 613 2781 Ce
627 2746 728 2782 mot
748 2747 818 2783 est
838 2734 951 2783 ecrit
969 2736 1156 2783 ailleurs
1174 2736 1363 2782 cerbuna
1388 2739 1464 2796 (11⁰
1487 2736 1582 2800 16).
1598 2737 1659 2786 V.
1685 2753 1801 2802 page
1823 2752 1899 2801 31.

500 2822 519 2848 ⁴
546 2822 751 2871 Gomme
775 2824 1017 2888 adragant,
1048 2825 1162 2872 tiree
1189 2825 1246 2871 de
1286 2825 1329 2872 la
1361 2825 1519 2888 plante
1550 2828 1768 2874 nommee
1796 2828 1901 2874 dra-

433 2899 643 2955 gantum.
