2519 3775
596 502 673 560 90
1023 482 1191 542 L’ART
1234 481 1636 541 D’Eummmssn

594 613 689 674 vel
715 613 910 673 minus
939 611 1011 672 ad
1038 611 1275 673 libitum
1311 611 1590 693 ponderis
1623 611 1807 692 ipsius
1840 609 2064 671 brasilis

596 709 667 769 de
712 729 892 790 grana
933 710 1286 785 tinctorum,
1328 710 1376 770 si
1420 707 1622 769 haberi
1664 721 1883 793 potest,
1927 709 2065 789 quia

596 808 782 888 magis
812 806 1084 887 perdurat
1123 806 1184 866 in
1230 805 1541 868 stabilitate
1581 805 1798 869 coloris
1840 819 1902 865 et
1936 804 2065 885 pul-

596 904 749 964 crior
796 904 927 980 erit,
979 917 1037 964 et
1078 917 1468 986 prosequatur
1506 915 1571 963 ut
1615 922 1819 982 supra3
1863 914 2062 962 tamen

596 1000 904 1081 pulcrioris
947 1000 1163 1061 coloris
1210 1015 1301 1062 est
1348 1001 1421 1062 de
1469 999 1663 1061 brasili
1706 998 1837 1059 solo
1883 1019 2061 1080 quam

598 1097 810 1157 mixto¹
842 1118 979 1158 cum
1006 1118 1215 1179 grana3
1248 1098 1339 1158 fac
1373 1097 1536 1179 quod
1567 1096 1850 1158 volueriS.
1884 1097 2059 1173 Item,
2150 1162 2158 1168 ,

598 1195 645 1253 si
670 1195 730 1253 in
760 1193 918 1255 dicto
955 1193 1151 1255 brasili
1185 1194 1384 1256 soluto
1410 1195 1470 1254 in
1501 1194 1726 1269 lixivio,
1767 1206 1833 1253 ut
1863 1213 2059 1273 supra,

594 1292 863 1372 posueris
899 1312 1007 1371 pro
1047 1311 1298 1372 corpore
1331 1291 1615 1373 coquillas
1659 1310 1913 1351 ovorum
1955 1309 2063 1370 po-

596 1389 734 1449 sitas
773 1408 878 1468 per
915 1402 1155 1458 noctem
1193 1390 1254 1449 in
1298 1403 1468 1450 aceto
1506 1388 1643 1449 forti
1681 1401 1741 1448 et
1778 1387 1851 1448 de
1887 1404 2062 1447 mane

596 1485 895 1571 pelliculas
924 1499 1206 1547 extractas
1227 1499 1287 1548 et
1315 1486 1466 1547 lotas
1486 1505 1625 1546 cum
1654 1504 1800 1566 aqua
1823 1484 1976 1544 clara
2004 1497 2064 1545 et

598 1581 830 1643 molitas
859 1603 1035 1663 super
1062 1582 1389 1663 porfidum'
1428 1583 1553 1643 sine
1581 1595 1739 1642 tactu
1777 1600 1915 1641 cum
1944 1580 2064 1642 alu·

595 1681 754 1739 mine
793 1680 853 1739 in
893 1679 1155 1759 pondere
1204 1679 1563 1760 supradicto,
1607 1692 1665 1739 et
1711 1679 1960 1747 mictas?
2003 1679 2064 1738 in

595 1777 880 1837 colatorio
935 1778 1115 1858 panni
1164 1777 1293 1854 lini,
1353 1789 1412 1838 et
1470 1777 1742 1837 remictas
1766 1776 1788 1810 '⁶
1847 1776 2063 1836 iterum

595 1874 755 1957 quod
785 1874 938 1937 colat
992 1876 1053 1935 in
1081 1875 1369 1937 colatorio
1400 1874 1489 1937 bis
1518 1873 1614 1935 vel
1641 1887 1754 1950 ter,
1789 1886 1849 1935 et
1876 1893 2065 1934 rema-

596 1973 758 2033 nebit
809 1973 870 2033 in
927 1972 1212 2034 colatorio
1269 1986 1393 2034 tota
1450 1972 1692 2034 materia
1746 1970 1936 2047 bona,
2006 1984 2065 2030 et

594 2070 938 2150 permictas⁵
958 2071 1159 2131 siccari
1179 2070 1250 2131 ad
1270 2088 1466 2130 aerem
1490 2071 1551 2130 in
1571 2070 1729 2131 dicto
1750 2067 2060 2144 colatorio,

595 2167 756 2248 quod
796 2187 918 2229 non
954 2181 1155 2249 tangat
1191 2188 1334 2229 eum
1372 2167 1485 2244 sol,
1530 2180 1589 2228 et
1624 2184 1848 2248 repone
1887 2178 1947 2227 et
1972 2164 2062 2225 fac

593 2277 658 2325 ut
687 2284 883 2345 supra,
916 2266 1214 2347 optimum
1243 2265 1375 2327 erit.

659 2504 670 2529 ¹
708 2505 833 2550 Pour
864 2504 1001 2552 mixto
1032 2505 1416 2567 (prononciation
1437 2502 1697 2566 italienne).

655 2591 673 2616 ²
707 2592 769 2639 Ut
791 2600 942 2654 supra.

654 2681 672 2706 ³
700 2680 852 2742 Micte,
881 2680 977 2728 Sal.

656 2767 675 2793 ⁴
700 2768 905 2827 Remicte,
929 2768 1024 2816 Sal.

658 2864 676 2889 ¹⁵
703 2855 933 2913 Permicte,
969 2856 1063 2904 Sal.
